Date,Month,Year,Customer ID,Customer Age,Age Group,Customer Gender,Country,State,Product Category,Sub Category,Product,Frame Size,Order Quantity,Unit Cost,Unit Price,Cost,Revenue,Profit
7/21/13,July,2013,11423,43,Adults (35-64),F,Germany,Hamburg,Bikes,Road Bikes,"Road-750 Black, 58",58,1,344,540,344,502,158
7/21/15,July,2015,11423,43,Adults (35-64),F,Germany,Hamburg,Bikes,Road Bikes,"Road-750 Black, 58",58,2,344,540,688,1004,316
12/28/13,December,2013,11423,43,Adults (35-64),F,Germany,Hamburg,Bikes,Road Bikes,"Road-750 Black, 58",58,1,344,540,344,502,158
12/28/15,December,2015,11423,43,Adults (35-64),F,Germany,Hamburg,Bikes,Road Bikes,"Road-750 Black, 58",58,1,344,540,344,502,158
6/3/14,June,2014,11429,45,Adults (35-64),M,France,Hauts de Seine,Bikes,Road Bikes,"Road-350-W Yellow, 42",42,1,1083,1701,1083,1582,499
6/3/16,June,2016,11429,45,Adults (35-64),M,France,Hauts de Seine,Bikes,Road Bikes,"Road-350-W Yellow, 42",42,3,1083,1701,3249,4746,1497
3/30/14,March,2014,11431,45,Adults (35-64),M,Germany,Bayern,Bikes,Road Bikes,"Road-750 Black, 52",52,1,344,540,344,535,191
3/30/16,March,2016,11431,45,Adults (35-64),M,Germany,Bayern,Bikes,Road Bikes,"Road-750 Black, 52",52,1,344,540,344,535,191
6/1/14,June,2014,11432,46,Adults (35-64),F,France,Seine et Marne,Bikes,Road Bikes,"Road-350-W Yellow, 40",40,1,1083,1701,1083,1395,312
6/1/16,June,2016,11432,46,Adults (35-64),F,France,Seine et Marne,Bikes,Road Bikes,"Road-350-W Yellow, 40",40,3,1083,1701,3249,4184,935
7/16/12,July,2012,11433,46,Adults (35-64),M,France,Seine Saint Denis,Bikes,Road Bikes,"Road-750 Black, 44",44,2,344,540,688,886,198
3/14/16,March,2016,12607,37,Adults (35-64),F,France,Essonne,Bikes,Road Bikes,"Road-150 Red, 48",48,1,2171,3578,2171,3435,1264
4/30/14,April,2014,12607,37,Adults (35-64),F,France,Essonne,Bikes,Road Bikes,"Road-150 Red, 48",48,1,2171,3578,2171,3435,1264
4/30/16,April,2016,12607,37,Adults (35-64),F,France,Essonne,Bikes,Road Bikes,"Road-150 Red, 48",48,1,2171,3578,2171,3435,1264
3/23/12,March,2012,12614,27,Young Adults (25-34),M,France,Yveline,Bikes,Road Bikes,"Road-150 Red, 44",44,2,2171,3578,4342,5439,1097
3/23/11,March,2011,12614,27,Young Adults (25-34),M,France,Yveline,Bikes,Road Bikes,"Road-150 Red, 44",44,1,2171,3578,2171,2719,548
12/5/12,December,2012,12614,27,Young Adults (25-34),M,France,Yveline,Bikes,Road Bikes,"Road-150 Red, 44",44,2,2171,3578,4342,5439,1097
12/5/11,December,2011,12614,27,Young Adults (25-34),M,France,Yveline,Bikes,Road Bikes,"Road-150 Red, 44",44,3,2171,3578,6513,8158,1645
6/25/14,June,2014,12614,27,Young Adults (25-34),M,France,Yveline,Bikes,Road Bikes,"Road-150 Red, 52",52,1,2171,3578,2171,2719,548
6/25/16,June,2016,12614,27,Young Adults (25-34),M,France,Yveline,Bikes,Road Bikes,"Road-150 Red, 52",52,1,2171,3578,2171,2719,548
3/23/12,March,2012,12620,28,Young Adults (25-34),M,France,Nord,Bikes,Road Bikes,"Road-150 Red, 44",44,2,2171,3578,4342,6226,1884
3/23/11,March,2011,12620,28,Young Adults (25-34),M,France,Nord,Bikes,Road Bikes,"Road-150 Red, 44",44,1,2171,3578,2171,3113,942
12/12/12,December,2012,12620,28,Young Adults (25-34),M,France,Nord,Bikes,Road Bikes,"Road-150 Red, 44",44,2,2171,3578,4342,6226,1884
12/12/11,December,2011,12620,28,Young Adults (25-34),M,France,Nord,Bikes,Road Bikes,"Road-150 Red, 44",44,3,2171,3578,6513,9339,2826
4/4/13,April,2013,12620,28,Young Adults (25-34),M,France,Nord,Bikes,Road Bikes,"Road-150 Red, 48",48,1,2171,3578,2171,3113,942
4/4/15,April,2015,12620,28,Young Adults (25-34),M,France,Nord,Bikes,Road Bikes,"Road-150 Red, 48",48,1,2171,3578,2171,3113,942
3/29/14,March,2014,12620,28,Young Adults (25-34),M,France,Nord,Bikes,Road Bikes,"Road-150 Red, 48",48,1,2171,3578,2171,3113,942
3/29/16,March,2016,12620,28,Young Adults (25-34),M,France,Nord,Bikes,Road Bikes,"Road-150 Red, 48",48,1,2171,3578,2171,3113,942
4/14/12,April,2012,12632,53,Adults (35-64),F,France,Hauts de Seine,Bikes,Road Bikes,"Road-250 Black, 44",44,2,1555,2443,3110,4544,1434
4/14/11,April,2011,12632,53,Adults (35-64),F,France,Hauts de Seine,Bikes,Road Bikes,"Road-250 Black, 44",44,1,1555,2443,1555,2272,717
11/2/13,November,2013,12632,53,Adults (35-64),F,France,Hauts de Seine,Bikes,Road Bikes,"Road-150 Red, 44",44,1,2171,3578,2171,3328,1157
11/2/15,November,2015,12632,53,Adults (35-64),F,France,Hauts de Seine,Bikes,Road Bikes,"Road-150 Red, 44",44,1,2171,3578,2171,3328,1157
4/12/12,April,2012,12655,48,Adults (35-64),M,France,Hauts de Seine,Bikes,Road Bikes,"Road-250 Black, 58",58,2,1555,2443,3110,4544,1434
4/12/11,April,2011,12655,48,Adults (35-64),M,France,Hauts de Seine,Bikes,Road Bikes,"Road-250 Black, 58",58,2,1555,2443,3110,4544,1434
12/19/13,December,2013,12655,48,Adults (35-64),M,France,Hauts de Seine,Bikes,Road Bikes,"Road-150 Red, 52",52,1,2171,3578,2171,3328,1157
12/19/15,December,2015,12655,48,Adults (35-64),M,France,Hauts de Seine,Bikes,Road Bikes,"Road-150 Red, 52",52,1,2171,3578,2171,3328,1157
7/1/13,July,2013,12657,48,Adults (35-64),F,Germany,Bayern,Bikes,Road Bikes,"Road-250 Red, 58",58,1,1555,2443,1555,2419,864
7/1/15,July,2015,12657,48,Adults (35-64),F,Germany,Bayern,Bikes,Road Bikes,"Road-250 Red, 58",58,2,1555,2443,3110,4837,1727
4/27/12,April,2012,12711,24,Youth (<25),F,France,Essonne,Bikes,Road Bikes,"Road-150 Red, 62",62,2,2171,3578,4342,6870,2528
4/27/11,April,2011,12711,24,Youth (<25),F,France,Essonne,Bikes,Road Bikes,"Road-150 Red, 62",62,1,2171,3578,2171,3435,1264
4/29/12,April,2012,12749,26,Young Adults (25-34),M,France,Yveline,Bikes,Road Bikes,"Road-750 Black, 48",48,2,344,540,688,821,133
4/29/11,April,2011,12749,26,Young Adults (25-34),M,France,Yveline,Bikes,Road Bikes,"Road-750 Black, 48",48,4,344,540,1376,1642,266
4/12/12,April,2012,12750,27,Young Adults (25-34),F,France,Essonne,Bikes,Road Bikes,"Road-150 Red, 48",48,2,2171,3578,4342,6870,2528
4/12/11,April,2011,12750,27,Young Adults (25-34),F,France,Essonne,Bikes,Road Bikes,"Road-150 Red, 48",48,1,2171,3578,2171,3435,1264
4/30/14,April,2014,12750,27,Young Adults (25-34),F,France,Essonne,Bikes,Road Bikes,"Road-150 Red, 62",62,1,2171,3578,2171,3435,1264
6/1/12,June,2012,13537,38,Adults (35-64),F,France,Somme,Bikes,Road Bikes,"Road-150 Red, 52",52,2,2171,3578,4342,5868,1526
6/1/11,June,2011,13537,38,Adults (35-64),F,France,Somme,Bikes,Road Bikes,"Road-150 Red, 52",52,1,2171,3578,2171,2934,763
8/19/12,August,2012,13538,38,Adults (35-64),F,Germany,Hessen,Bikes,Road Bikes,"Road-150 Red, 52",52,2,2171,3578,4342,6655,2313
8/19/11,August,2011,13538,38,Adults (35-64),F,Germany,Hessen,Bikes,Road Bikes,"Road-150 Red, 52",52,3,2171,3578,6513,9983,3470
9/18/12,September,2012,13538,38,Adults (35-64),F,Germany,Hessen,Bikes,Road Bikes,"Road-150 Red, 56",56,2,2171,3578,4342,6655,2313
9/18/11,September,2011,13538,38,Adults (35-64),F,Germany,Hessen,Bikes,Road Bikes,"Road-150 Red, 56",56,1,2171,3578,2171,3328,1157
1/30/13,January,2013,13538,38,Adults (35-64),F,Germany,Hessen,Bikes,Road Bikes,"Road-150 Red, 56",56,1,2171,3578,2171,3328,1157
1/30/15,January,2015,13538,38,Adults (35-64),F,Germany,Hessen,Bikes,Road Bikes,"Road-150 Red, 56",56,2,2171,3578,4342,6655,2313
7/8/13,July,2013,13538,38,Adults (35-64),F,Germany,Hessen,Bikes,Road Bikes,"Road-150 Red, 56",56,1,2171,3578,2171,3328,1157
7/8/15,July,2015,13538,38,Adults (35-64),F,Germany,Hessen,Bikes,Road Bikes,"Road-150 Red, 56",56,1,2171,3578,2171,3328,1157
11/7/13,November,2013,13538,38,Adults (35-64),F,Germany,Hessen,Bikes,Road Bikes,"Road-150 Red, 56",56,1,2171,3578,2171,3328,1157
11/7/15,November,2015,13538,38,Adults (35-64),F,Germany,Hessen,Bikes,Road Bikes,"Road-150 Red, 56",56,1,2171,3578,2171,3328,1157
3/11/14,March,2014,13538,38,Adults (35-64),F,Germany,Hessen,Bikes,Road Bikes,"Road-150 Red, 56",56,1,2171,3578,2171,3328,1157
3/11/16,March,2016,13538,38,Adults (35-64),F,Germany,Hessen,Bikes,Road Bikes,"Road-150 Red, 56",56,2,2171,3578,4342,6655,2313
5/5/14,May,2014,13538,38,Adults (35-64),F,Germany,Hessen,Bikes,Road Bikes,"Road-150 Red, 56",56,1,2171,3578,2171,3328,1157
5/5/16,May,2016,13538,38,Adults (35-64),F,Germany,Hessen,Bikes,Road Bikes,"Road-150 Red, 56",56,3,2171,3578,6513,9983,3470
1/28/14,January,2014,13540,37,Adults (35-64),F,Germany,Bayern,Bikes,Road Bikes,"Road-150 Red, 48",48,1,2171,3578,2171,3542,1371
1/28/16,January,2016,13540,37,Adults (35-64),F,Germany,Bayern,Bikes,Road Bikes,"Road-150 Red, 48",48,1,2171,3578,2171,3542,1371
5/2/13,May,2013,13542,39,Adults (35-64),F,Germany,Hessen,Bikes,Road Bikes,"Road-150 Red, 56",56,1,2171,3578,2171,3328,1157
5/2/15,May,2015,13542,39,Adults (35-64),F,Germany,Hessen,Bikes,Road Bikes,"Road-150 Red, 56",56,1,2171,3578,2171,3328,1157
3/22/14,March,2014,13542,39,Adults (35-64),F,Germany,Hessen,Bikes,Road Bikes,"Road-150 Red, 56",56,1,2171,3578,2171,3328,1157
3/22/16,March,2016,13542,39,Adults (35-64),F,Germany,Hessen,Bikes,Road Bikes,"Road-150 Red, 56",56,2,2171,3578,4342,6655,2313
6/8/13,June,2013,13800,34,Young Adults (25-34),M,France,Nord,Bikes,Road Bikes,"Road-250 Black, 44",44,1,1555,2443,1555,2125,570
6/8/15,June,2015,13800,34,Young Adults (25-34),M,France,Nord,Bikes,Road Bikes,"Road-250 Black, 44",44,1,1555,2443,1555,2125,570
1/3/14,January,2014,13800,34,Young Adults (25-34),M,France,Nord,Bikes,Road Bikes,"Road-250 Red, 52",52,1,1519,2443,1519,2125,606
1/3/16,January,2016,13800,34,Young Adults (25-34),M,France,Nord,Bikes,Road Bikes,"Road-250 Red, 52",52,2,1519,2443,3038,4251,1213
4/4/14,April,2014,13800,34,Young Adults (25-34),M,France,Nord,Bikes,Road Bikes,"Road-250 Red, 52",52,1,1519,2443,1519,2125,606
4/4/16,April,2016,13800,34,Young Adults (25-34),M,France,Nord,Bikes,Road Bikes,"Road-250 Red, 52",52,1,1519,2443,1519,2125,606
8/15/12,August,2012,13806,33,Young Adults (25-34),M,France,Val de Marne,Bikes,Road Bikes,"Road-250 Red, 52",52,2,1519,2443,3038,3860,822
8/15/11,August,2011,13806,33,Young Adults (25-34),M,France,Val de Marne,Bikes,Road Bikes,"Road-250 Red, 52",52,2,1519,2443,3038,3860,822
10/17/12,October,2012,13808,33,Young Adults (25-34),M,Germany,Bayern,Bikes,Road Bikes,"Road-150 Red, 62",62,2,2171,3578,4342,7084,2742
10/17/11,October,2011,13808,33,Young Adults (25-34),M,Germany,Bayern,Bikes,Road Bikes,"Road-150 Red, 62",62,2,2171,3578,4342,7084,2742
2/8/14,February,2014,13808,33,Young Adults (25-34),M,Germany,Bayern,Bikes,Road Bikes,"Road-150 Red, 48",48,1,2171,3578,2171,3542,1371
2/8/16,February,2016,13808,33,Young Adults (25-34),M,Germany,Bayern,Bikes,Road Bikes,"Road-150 Red, 48",48,1,2171,3578,2171,3542,1371
8/26/12,August,2012,13811,34,Young Adults (25-34),F,France,Seine Saint Denis,Bikes,Road Bikes,"Road-150 Red, 48",48,2,2171,3578,4342,5868,1526
8/26/11,August,2011,13811,34,Young Adults (25-34),F,France,Seine Saint Denis,Bikes,Road Bikes,"Road-150 Red, 48",48,1,2171,3578,2171,2934,763
8/13/12,August,2012,13812,34,Young Adults (25-34),F,France,Loiret,Bikes,Road Bikes,"Road-250 Black, 58",58,2,1555,2443,3110,4349,1239
8/13/11,August,2011,13812,34,Young Adults (25-34),F,France,Loiret,Bikes,Road Bikes,"Road-250 Black, 58",58,1,1555,2443,1555,2174,619
4/19/14,April,2014,13822,35,Adults (35-64),M,Germany,Bayern,Bikes,Road Bikes,"Road-150 Red, 48",48,1,2171,3578,2171,3542,1371
4/19/16,April,2016,13822,35,Adults (35-64),M,Germany,Bayern,Bikes,Road Bikes,"Road-150 Red, 48",48,1,2171,3578,2171,3542,1371
8/19/12,August,2012,13823,35,Adults (35-64),F,France,Essonne,Bikes,Road Bikes,"Road-750 Black, 58",58,2,344,540,688,1037,349
8/19/11,August,2011,13823,35,Adults (35-64),F,France,Essonne,Bikes,Road Bikes,"Road-750 Black, 58",58,1,344,540,344,518,174
1/10/13,January,2013,13823,35,Adults (35-64),F,France,Essonne,Bikes,Road Bikes,"Road-750 Black, 58",58,1,344,540,344,518,174
1/10/15,January,2015,13823,35,Adults (35-64),F,France,Essonne,Bikes,Road Bikes,"Road-750 Black, 58",58,2,344,540,688,1037,349
6/8/13,June,2013,13823,35,Adults (35-64),F,France,Essonne,Bikes,Road Bikes,"Road-750 Black, 58",58,1,344,540,344,518,174
6/8/15,June,2015,13823,35,Adults (35-64),F,France,Essonne,Bikes,Road Bikes,"Road-750 Black, 58",58,1,344,540,344,518,174
3/18/14,March,2014,13823,35,Adults (35-64),F,France,Essonne,Bikes,Road Bikes,"Road-250 Red, 52",52,1,1519,2443,1519,2345,826
3/18/16,March,2016,13823,35,Adults (35-64),F,France,Essonne,Bikes,Road Bikes,"Road-250 Red, 52",52,1,1519,2443,1519,2345,826
5/17/14,May,2014,13823,35,Adults (35-64),F,France,Essonne,Bikes,Road Bikes,"Road-250 Red, 52",52,1,1519,2443,1519,2345,826
5/17/16,May,2016,13823,35,Adults (35-64),F,France,Essonne,Bikes,Road Bikes,"Road-250 Red, 52",52,2,1519,2443,3038,4691,1653
5/18/12,May,2012,13829,20,Youth (<25),M,Germany,Bayern,Bikes,Road Bikes,"Road-750 Black, 44",44,2,344,540,688,1069,381
5/18/11,May,2011,13829,20,Youth (<25),M,Germany,Bayern,Bikes,Road Bikes,"Road-750 Black, 44",44,2,344,540,688,1069,381
8/28/12,August,2012,13840,23,Youth (<25),M,France,Pas de Calais,Bikes,Road Bikes,"Road-250 Red, 48",48,2,1519,2443,3038,4153,1115
8/28/11,August,2011,13840,23,Youth (<25),M,France,Pas de Calais,Bikes,Road Bikes,"Road-250 Red, 48",48,1,1519,2443,1519,2077,558
3/2/13,March,2013,13892,31,Young Adults (25-34),M,United States,Oregon,Bikes,Road Bikes,"Road-250 Black, 58",58,1,1555,2443,1555,2101,546
3/2/15,March,2015,13892,31,Young Adults (25-34),M,United States,Oregon,Bikes,Road Bikes,"Road-250 Black, 58",58,1,1555,2443,1555,2101,546
3/18/13,March,2013,13892,31,Young Adults (25-34),M,United States,Oregon,Bikes,Road Bikes,"Road-250 Black, 58",58,1,1555,2443,1555,2101,546
3/18/15,March,2015,13892,31,Young Adults (25-34),M,United States,Oregon,Bikes,Road Bikes,"Road-250 Black, 58",58,3,1555,2443,4665,6303,1638
7/31/13,July,2013,13892,31,Young Adults (25-34),M,United States,Oregon,Bikes,Road Bikes,"Road-250 Black, 58",58,1,1555,2443,1555,2101,546
7/31/15,July,2015,13892,31,Young Adults (25-34),M,United States,Oregon,Bikes,Road Bikes,"Road-250 Black, 58",58,1,1555,2443,1555,2101,546
6/8/13,June,2013,13947,38,Adults (35-64),F,United States,Oregon,Bikes,Road Bikes,"Road-250 Black, 52",52,1,1555,2443,1555,2101,546
6/8/15,June,2015,13947,38,Adults (35-64),F,United States,Oregon,Bikes,Road Bikes,"Road-250 Black, 52",52,1,1555,2443,1555,2101,546
11/23/12,November,2012,13978,29,Young Adults (25-34),F,United States,Washington,Bikes,Road Bikes,"Road-250 Red, 48",48,2,1519,2443,3038,3811,773
11/23/11,November,2011,13978,29,Young Adults (25-34),F,United States,Washington,Bikes,Road Bikes,"Road-250 Red, 48",48,1,1519,2443,1519,1906,387
11/27/12,November,2012,13978,29,Young Adults (25-34),F,United States,Washington,Bikes,Road Bikes,"Road-250 Red, 48",48,2,1519,2443,3038,3811,773
11/27/11,November,2011,13978,29,Young Adults (25-34),F,United States,Washington,Bikes,Road Bikes,"Road-250 Red, 48",48,1,1519,2443,1519,1906,387
1/7/13,January,2013,13978,29,Young Adults (25-34),F,United States,Washington,Bikes,Road Bikes,"Road-250 Red, 48",48,1,1519,2443,1519,1906,387
1/7/13,January,2013,13978,29,Young Adults (25-34),F,United States,Washington,Bikes,Road Bikes,"Road-250 Red, 48",48,1,1519,2443,1519,1906,387
1/7/15,January,2015,13978,29,Young Adults (25-34),F,United States,Washington,Bikes,Road Bikes,"Road-250 Red, 48",48,2,1519,2443,3038,3811,773
1/7/15,January,2015,13978,29,Young Adults (25-34),F,United States,Washington,Bikes,Road Bikes,"Road-250 Red, 48",48,1,1519,2443,1519,1906,387
6/1/13,June,2013,13978,29,Young Adults (25-34),F,United States,Washington,Bikes,Road Bikes,"Road-250 Red, 48",48,1,1519,2443,1519,1906,387
6/1/15,June,2015,13978,29,Young Adults (25-34),F,United States,Washington,Bikes,Road Bikes,"Road-250 Red, 48",48,3,1519,2443,4557,5717,1160
6/23/13,June,2013,13978,29,Young Adults (25-34),F,United States,Washington,Bikes,Road Bikes,"Road-250 Red, 48",48,1,1519,2443,1519,1906,387
6/23/15,June,2015,13978,29,Young Adults (25-34),F,United States,Washington,Bikes,Road Bikes,"Road-250 Red, 48",48,2,1519,2443,3038,3811,773
10/7/13,October,2013,13978,29,Young Adults (25-34),F,United States,Washington,Bikes,Road Bikes,"Road-250 Red, 48",48,1,1519,2443,1519,1906,387
10/7/15,October,2015,13978,29,Young Adults (25-34),F,United States,Washington,Bikes,Road Bikes,"Road-250 Red, 48",48,1,1519,2443,1519,1906,387
10/13/13,October,2013,13978,29,Young Adults (25-34),F,United States,Washington,Bikes,Road Bikes,"Road-250 Red, 48",48,1,1519,2443,1519,1906,387
10/13/15,October,2015,13978,29,Young Adults (25-34),F,United States,Washington,Bikes,Road Bikes,"Road-250 Red, 48",48,1,1519,2443,1519,1906,387
7/19/12,July,2012,13990,19,Youth (<25),F,United States,Oregon,Bikes,Road Bikes,"Road-550-W Yellow, 44",44,2,713,1120,1426,1926,500
7/19/11,July,2011,13990,19,Youth (<25),F,United States,Oregon,Bikes,Road Bikes,"Road-550-W Yellow, 44",44,3,713,1120,2139,2890,751
9/13/12,September,2012,13990,19,Youth (<25),F,United States,Oregon,Bikes,Road Bikes,"Road-550-W Yellow, 44",44,2,713,1120,1426,1926,500
9/13/11,September,2011,13990,19,Youth (<25),F,United States,Oregon,Bikes,Road Bikes,"Road-550-W Yellow, 44",44,2,713,1120,1426,1926,500
2/4/13,February,2013,13990,19,Youth (<25),F,United States,Oregon,Bikes,Road Bikes,"Road-550-W Yellow, 44",44,1,713,1120,713,963,250
2/4/15,February,2015,13990,19,Youth (<25),F,United States,Oregon,Bikes,Road Bikes,"Road-550-W Yellow, 44",44,3,713,1120,2139,2890,751
11/23/13,November,2013,13990,19,Youth (<25),F,United States,Oregon,Bikes,Road Bikes,"Road-550-W Yellow, 42",42,1,713,1120,713,963,250
11/23/15,November,2015,13990,19,Youth (<25),F,United States,Oregon,Bikes,Road Bikes,"Road-550-W Yellow, 42",42,2,713,1120,1426,1926,500
4/6/12,April,2012,13993,19,Youth (<25),M,United States,California,Bikes,Road Bikes,"Road-550-W Yellow, 42",42,2,713,1120,1426,2195,769
4/6/11,April,2011,13993,19,Youth (<25),M,United States,California,Bikes,Road Bikes,"Road-550-W Yellow, 42",42,1,713,1120,713,1098,385
5/2/12,May,2012,13993,19,Youth (<25),M,United States,California,Bikes,Road Bikes,"Road-550-W Yellow, 42",42,2,713,1120,1426,2195,769
5/2/11,May,2011,13993,19,Youth (<25),M,United States,California,Bikes,Road Bikes,"Road-550-W Yellow, 42",42,1,713,1120,713,1098,385
5/25/12,May,2012,13993,19,Youth (<25),M,United States,California,Bikes,Road Bikes,"Road-550-W Yellow, 42",42,2,713,1120,1426,2195,769
5/25/11,May,2011,13993,19,Youth (<25),M,United States,California,Bikes,Road Bikes,"Road-550-W Yellow, 42",42,1,713,1120,713,1098,385
6/18/12,June,2012,13993,19,Youth (<25),M,United States,California,Bikes,Road Bikes,"Road-550-W Yellow, 42",42,2,713,1120,1426,2195,769
6/18/11,June,2011,13993,19,Youth (<25),M,United States,California,Bikes,Road Bikes,"Road-550-W Yellow, 42",42,2,713,1120,1426,2195,769
7/7/12,July,2012,13993,19,Youth (<25),M,United States,California,Bikes,Road Bikes,"Road-550-W Yellow, 42",42,2,713,1120,1426,2195,769
7/7/11,July,2011,13993,19,Youth (<25),M,United States,California,Bikes,Road Bikes,"Road-550-W Yellow, 42",42,1,713,1120,713,1098,385
7/10/12,July,2012,13993,19,Youth (<25),M,United States,California,Bikes,Road Bikes,"Road-550-W Yellow, 42",42,2,713,1120,1426,2195,769
7/10/11,July,2011,13993,19,Youth (<25),M,United States,California,Bikes,Road Bikes,"Road-550-W Yellow, 42",42,3,713,1120,2139,3293,1154
7/28/12,July,2012,13993,19,Youth (<25),M,United States,California,Bikes,Road Bikes,"Road-550-W Yellow, 42",42,2,713,1120,1426,2195,769
7/28/11,July,2011,13993,19,Youth (<25),M,United States,California,Bikes,Road Bikes,"Road-550-W Yellow, 42",42,1,713,1120,713,1098,385
8/6/12,August,2012,13993,19,Youth (<25),M,United States,California,Bikes,Road Bikes,"Road-550-W Yellow, 42",42,2,713,1120,1426,2195,769
8/6/11,August,2011,13993,19,Youth (<25),M,United States,California,Bikes,Road Bikes,"Road-550-W Yellow, 42",42,1,713,1120,713,1098,385
8/17/12,August,2012,13993,19,Youth (<25),M,United States,California,Bikes,Road Bikes,"Road-550-W Yellow, 42",42,2,713,1120,1426,2195,769
8/17/11,August,2011,13993,19,Youth (<25),M,United States,California,Bikes,Road Bikes,"Road-550-W Yellow, 42",42,1,713,1120,713,1098,385
12/7/12,December,2012,13993,19,Youth (<25),M,United States,California,Bikes,Road Bikes,"Road-550-W Yellow, 42",42,2,713,1120,1426,2195,769
12/7/11,December,2011,13993,19,Youth (<25),M,United States,California,Bikes,Road Bikes,"Road-550-W Yellow, 42",42,1,713,1120,713,1098,385
12/23/12,December,2012,13993,19,Youth (<25),M,United States,California,Bikes,Road Bikes,"Road-550-W Yellow, 42",42,2,713,1120,1426,2195,769
12/23/11,December,2011,13993,19,Youth (<25),M,United States,California,Bikes,Road Bikes,"Road-550-W Yellow, 42",42,1,713,1120,713,1098,385
9/14/13,September,2013,13993,19,Youth (<25),M,United States,California,Bikes,Road Bikes,"Road-550-W Yellow, 40",40,1,713,1120,713,1098,385
9/14/15,September,2015,13993,19,Youth (<25),M,United States,California,Bikes,Road Bikes,"Road-550-W Yellow, 40",40,1,713,1120,713,1098,385
9/27/13,September,2013,13993,19,Youth (<25),M,United States,California,Bikes,Road Bikes,"Road-550-W Yellow, 40",40,1,713,1120,713,1098,385
9/27/15,September,2015,13993,19,Youth (<25),M,United States,California,Bikes,Road Bikes,"Road-550-W Yellow, 40",40,1,713,1120,713,1098,385
10/11/13,October,2013,13993,19,Youth (<25),M,United States,California,Bikes,Road Bikes,"Road-550-W Yellow, 40",40,1,713,1120,713,1098,385
10/11/15,October,2015,13993,19,Youth (<25),M,United States,California,Bikes,Road Bikes,"Road-550-W Yellow, 40",40,1,713,1120,713,1098,385
11/19/13,November,2013,13993,19,Youth (<25),M,United States,California,Bikes,Road Bikes,"Road-550-W Yellow, 40",40,1,713,1120,713,1098,385
11/19/15,November,2015,13993,19,Youth (<25),M,United States,California,Bikes,Road Bikes,"Road-550-W Yellow, 40",40,3,713,1120,2139,3293,1154
12/19/13,December,2013,13993,19,Youth (<25),M,United States,California,Bikes,Road Bikes,"Road-550-W Yellow, 40",40,1,713,1120,713,1098,385
12/19/15,December,2015,13993,19,Youth (<25),M,United States,California,Bikes,Road Bikes,"Road-550-W Yellow, 40",40,1,713,1120,713,1098,385
2/4/14,February,2014,13993,19,Youth (<25),M,United States,California,Bikes,Road Bikes,"Road-550-W Yellow, 40",40,1,713,1120,713,1098,385
2/4/14,February,2014,13993,19,Youth (<25),M,United States,California,Bikes,Road Bikes,"Road-550-W Yellow, 40",40,1,713,1120,713,1098,385
2/4/16,February,2016,13993,19,Youth (<25),M,United States,California,Bikes,Road Bikes,"Road-550-W Yellow, 40",40,1,713,1120,713,1098,385
2/4/16,February,2016,13993,19,Youth (<25),M,United States,California,Bikes,Road Bikes,"Road-550-W Yellow, 40",40,2,713,1120,1426,2195,769
2/8/14,February,2014,13993,19,Youth (<25),M,United States,California,Bikes,Road Bikes,"Road-550-W Yellow, 40",40,1,713,1120,713,1098,385
2/8/16,February,2016,13993,19,Youth (<25),M,United States,California,Bikes,Road Bikes,"Road-550-W Yellow, 40",40,1,713,1120,713,1098,385
4/14/14,April,2014,13993,19,Youth (<25),M,United States,California,Bikes,Road Bikes,"Road-550-W Yellow, 40",40,1,713,1120,713,1098,385
4/14/16,April,2016,13993,19,Youth (<25),M,United States,California,Bikes,Road Bikes,"Road-550-W Yellow, 40",40,1,713,1120,713,1098,385
6/4/14,June,2014,13993,19,Youth (<25),M,United States,California,Bikes,Road Bikes,"Road-550-W Yellow, 40",40,1,713,1120,713,1098,385
6/4/16,June,2016,13993,19,Youth (<25),M,United States,California,Bikes,Road Bikes,"Road-550-W Yellow, 40",40,3,713,1120,2139,3293,1154
6/21/14,June,2014,13993,19,Youth (<25),M,United States,California,Bikes,Road Bikes,"Road-550-W Yellow, 40",40,1,713,1120,713,1098,385
6/21/16,June,2016,13993,19,Youth (<25),M,United States,California,Bikes,Road Bikes,"Road-550-W Yellow, 40",40,3,713,1120,2139,3293,1154
6/27/14,June,2014,13997,50,Adults (35-64),F,Australia,South Australia,Bikes,Road Bikes,"Road-250 Black, 52",52,1,1555,2443,1555,2003,448
6/27/16,June,2016,13997,50,Adults (35-64),F,Australia,South Australia,Bikes,Road Bikes,"Road-250 Black, 52",52,1,1555,2443,1555,2003,448
5/13/12,May,2012,14005,20,Youth (<25),M,United States,California,Bikes,Road Bikes,"Road-550-W Yellow, 38",38,2,713,1120,1426,2195,769
4/16/16,April,2016,14945,32,Young Adults (25-34),F,Germany,Hessen,Bikes,Road Bikes,"Road-150 Red, 56",56,2,2171,3578,4342,6655,2313
6/1/14,June,2014,14945,32,Young Adults (25-34),F,Germany,Hessen,Bikes,Road Bikes,"Road-150 Red, 56",56,1,2171,3578,2171,3328,1157
6/1/16,June,2016,14945,32,Young Adults (25-34),F,Germany,Hessen,Bikes,Road Bikes,"Road-150 Red, 56",56,2,2171,3578,4342,6655,2313
5/18/12,May,2012,14952,33,Young Adults (25-34),F,Germany,Saarland,Bikes,Road Bikes,"Road-150 Red, 44",44,2,2171,3578,4342,5868,1526
5/18/11,May,2011,14952,33,Young Adults (25-34),F,Germany,Saarland,Bikes,Road Bikes,"Road-150 Red, 44",44,1,2171,3578,2171,2934,763
5/27/12,May,2012,14952,33,Young Adults (25-34),F,Germany,Saarland,Bikes,Road Bikes,"Road-150 Red, 44",44,2,2171,3578,4342,5868,1526
5/27/11,May,2011,14952,33,Young Adults (25-34),F,Germany,Saarland,Bikes,Road Bikes,"Road-150 Red, 44",44,4,2171,3578,8684,11736,3052
12/3/12,December,2012,14957,34,Young Adults (25-34),F,France,Seine (Paris),Bikes,Road Bikes,"Road-150 Red, 62",62,2,2171,3578,4342,5868,1526
12/3/11,December,2011,14957,34,Young Adults (25-34),F,France,Seine (Paris),Bikes,Road Bikes,"Road-150 Red, 62",62,3,2171,3578,6513,8802,2289
12/20/12,December,2012,14965,33,Young Adults (25-34),M,France,Charente-Maritime,Bikes,Road Bikes,"Road-250 Black, 52",52,2,1555,2443,3110,4788,1678
12/20/11,December,2011,14965,33,Young Adults (25-34),M,France,Charente-Maritime,Bikes,Road Bikes,"Road-250 Black, 52",52,3,1555,2443,4665,7182,2517
12/7/12,December,2012,14966,33,Young Adults (25-34),M,France,Somme,Bikes,Road Bikes,"Road-250 Black, 48",48,2,1555,2443,3110,4007,897
12/7/11,December,2011,14966,33,Young Adults (25-34),M,France,Somme,Bikes,Road Bikes,"Road-250 Black, 48",48,1,1555,2443,1555,2003,448
12/20/12,December,2012,14976,35,Adults (35-64),M,France,Loiret,Bikes,Road Bikes,"Road-150 Red, 52",52,2,2171,3578,4342,6369,2027
12/16/11,December,2011,15493,29,Young Adults (25-34),M,United States,Oregon,Bikes,Road Bikes,"Road-650 Black, 44",44,2,487,783,974,1347,373
1/1/13,January,2013,15493,29,Young Adults (25-34),M,United States,Oregon,Bikes,Road Bikes,"Road-650 Black, 44",44,1,487,783,487,673,186
1/1/15,January,2015,15493,29,Young Adults (25-34),M,United States,Oregon,Bikes,Road Bikes,"Road-650 Black, 44",44,1,487,783,487,673,186
1/16/13,January,2013,15502,30,Young Adults (25-34),M,United States,Oregon,Bikes,Road Bikes,"Road-650 Red, 62",62,1,487,783,487,673,186
1/16/15,January,2015,15502,30,Young Adults (25-34),M,United States,Oregon,Bikes,Road Bikes,"Road-650 Red, 62",62,1,487,783,487,673,186
7/12/13,July,2013,15502,30,Young Adults (25-34),M,United States,Oregon,Bikes,Road Bikes,"Road-650 Red, 62",62,1,487,783,487,673,186
7/12/15,July,2015,15502,30,Young Adults (25-34),M,United States,Oregon,Bikes,Road Bikes,"Road-650 Red, 62",62,1,487,783,487,673,186
10/14/13,October,2013,15502,30,Young Adults (25-34),M,United States,Oregon,Bikes,Road Bikes,"Road-650 Red, 62",62,1,487,783,487,673,186
10/14/15,October,2015,15502,30,Young Adults (25-34),M,United States,Oregon,Bikes,Road Bikes,"Road-650 Red, 62",62,1,487,783,487,673,186
3/16/14,March,2014,15502,30,Young Adults (25-34),M,United States,Oregon,Bikes,Road Bikes,"Road-650 Black, 58",58,1,487,783,487,673,186
3/16/16,March,2016,15502,30,Young Adults (25-34),M,United States,Oregon,Bikes,Road Bikes,"Road-650 Black, 58",58,3,487,783,1461,2020,559
2/6/13,February,2013,15534,34,Young Adults (25-34),M,United States,Oregon,Bikes,Road Bikes,"Road-650 Black, 60",60,1,487,783,487,673,186
2/6/15,February,2015,15534,34,Young Adults (25-34),M,United States,Oregon,Bikes,Road Bikes,"Road-650 Black, 60",60,3,487,783,1461,2020,559
2/20/13,February,2013,15534,34,Young Adults (25-34),M,United States,Oregon,Bikes,Road Bikes,"Road-650 Black, 60",60,1,487,783,487,673,186
2/20/15,February,2015,15534,34,Young Adults (25-34),M,United States,Oregon,Bikes,Road Bikes,"Road-650 Black, 60",60,1,487,783,487,673,186
2/9/14,February,2014,15534,34,Young Adults (25-34),M,United States,Oregon,Bikes,Road Bikes,"Road-650 Red, 48",48,1,487,783,487,673,186
2/9/16,February,2016,15534,34,Young Adults (25-34),M,United States,Oregon,Bikes,Road Bikes,"Road-650 Red, 48",48,1,487,783,487,673,186
4/16/14,April,2014,15534,34,Young Adults (25-34),M,United States,Oregon,Bikes,Road Bikes,"Road-650 Red, 48",48,1,487,783,487,673,186
4/16/16,April,2016,15534,34,Young Adults (25-34),M,United States,Oregon,Bikes,Road Bikes,"Road-650 Red, 48",48,1,487,783,487,673,186
4/5/12,April,2012,15552,30,Young Adults (25-34),M,United States,Washington,Bikes,Road Bikes,"Road-650 Red, 58",58,2,487,783,974,1221,247
4/5/11,April,2011,15552,30,Young Adults (25-34),M,United States,Washington,Bikes,Road Bikes,"Road-650 Red, 58",58,4,487,783,1948,2443,495
4/22/12,April,2012,15552,30,Young Adults (25-34),M,United States,Washington,Bikes,Road Bikes,"Road-650 Red, 58",58,2,487,783,974,1221,247
4/22/11,April,2011,15552,30,Young Adults (25-34),M,United States,Washington,Bikes,Road Bikes,"Road-650 Red, 58",58,4,487,783,1948,2443,495
11/30/12,November,2012,15552,30,Young Adults (25-34),M,United States,Washington,Bikes,Road Bikes,"Road-650 Red, 58",58,2,487,783,974,1221,247
11/30/11,November,2011,15552,30,Young Adults (25-34),M,United States,Washington,Bikes,Road Bikes,"Road-650 Red, 58",58,2,487,783,974,1221,247
2/20/13,February,2013,15552,30,Young Adults (25-34),M,United States,Washington,Bikes,Road Bikes,"Road-650 Red, 58",58,1,487,783,487,611,124
2/20/15,February,2015,15552,30,Young Adults (25-34),M,United States,Washington,Bikes,Road Bikes,"Road-650 Red, 58",58,1,487,783,487,611,124
10/1/13,October,2013,15552,30,Young Adults (25-34),M,United States,Washington,Bikes,Road Bikes,"Road-650 Red, 58",58,1,487,783,487,611,124
10/1/15,October,2015,15552,30,Young Adults (25-34),M,United States,Washington,Bikes,Road Bikes,"Road-650 Red, 58",58,2,487,783,974,1221,247
12/23/13,December,2013,15552,30,Young Adults (25-34),M,United States,Washington,Bikes,Road Bikes,"Road-650 Red, 58",58,1,487,783,487,611,124
12/23/15,December,2015,15552,30,Young Adults (25-34),M,United States,Washington,Bikes,Road Bikes,"Road-650 Red, 58",58,1,487,783,487,611,124
2/3/14,February,2014,15552,30,Young Adults (25-34),M,United States,Washington,Bikes,Road Bikes,"Road-650 Red, 58",58,1,487,783,487,611,124
2/3/16,February,2016,15552,30,Young Adults (25-34),M,United States,Washington,Bikes,Road Bikes,"Road-650 Red, 58",58,1,487,783,487,611,124
3/8/14,March,2014,15552,30,Young Adults (25-34),M,United States,Washington,Bikes,Road Bikes,"Road-650 Black, 52",52,1,487,783,487,611,124
3/8/16,March,2016,15552,30,Young Adults (25-34),M,United States,Washington,Bikes,Road Bikes,"Road-650 Black, 52",52,1,487,783,487,611,124
1/22/12,January,2012,15554,30,Young Adults (25-34),F,United States,California,Bikes,Road Bikes,"Road-650 Black, 58",58,2,487,783,974,1535,561
1/22/11,January,2011,15554,30,Young Adults (25-34),F,United States,California,Bikes,Road Bikes,"Road-650 Black, 58",58,1,487,783,487,767,280
4/17/12,April,2012,15554,30,Young Adults (25-34),F,United States,California,Bikes,Road Bikes,"Road-650 Black, 58",58,2,487,783,974,1535,561
4/17/11,April,2011,15554,30,Young Adults (25-34),F,United States,California,Bikes,Road Bikes,"Road-650 Black, 58",58,2,487,783,974,1535,561
4/23/12,April,2012,15554,30,Young Adults (25-34),F,United States,California,Bikes,Road Bikes,"Road-650 Black, 58",58,2,487,783,974,1535,561
4/23/11,April,2011,15554,30,Young Adults (25-34),F,United States,California,Bikes,Road Bikes,"Road-650 Black, 58",58,4,487,783,1948,3069,1121
5/6/12,May,2012,15554,30,Young Adults (25-34),F,United States,California,Bikes,Road Bikes,"Road-650 Black, 58",58,2,487,783,974,1535,561
5/6/11,May,2011,15554,30,Young Adults (25-34),F,United States,California,Bikes,Road Bikes,"Road-650 Black, 58",58,1,487,783,487,767,280
11/23/12,November,2012,15554,30,Young Adults (25-34),F,United States,California,Bikes,Road Bikes,"Road-650 Black, 58",58,2,487,783,974,1535,561
11/23/11,November,2011,15554,30,Young Adults (25-34),F,United States,California,Bikes,Road Bikes,"Road-650 Black, 58",58,4,487,783,1948,3069,1121
1/3/13,January,2013,15554,30,Young Adults (25-34),F,United States,California,Bikes,Road Bikes,"Road-650 Black, 58",58,1,487,783,487,767,280
1/3/15,January,2015,15554,30,Young Adults (25-34),F,United States,California,Bikes,Road Bikes,"Road-650 Black, 58",58,3,487,783,1461,2302,841
2/13/13,February,2013,15554,30,Young Adults (25-34),F,United States,California,Bikes,Road Bikes,"Road-650 Black, 58",58,1,487,783,487,767,280
2/13/15,February,2015,15554,30,Young Adults (25-34),F,United States,California,Bikes,Road Bikes,"Road-650 Black, 58",58,1,487,783,487,767,280
2/24/13,February,2013,15554,30,Young Adults (25-34),F,United States,California,Bikes,Road Bikes,"Road-650 Black, 58",58,1,487,783,487,767,280
2/24/15,February,2015,15554,30,Young Adults (25-34),F,United States,California,Bikes,Road Bikes,"Road-650 Black, 58",58,1,487,783,487,767,280
3/7/13,March,2013,15554,30,Young Adults (25-34),F,United States,California,Bikes,Road Bikes,"Road-650 Black, 58",58,1,487,783,487,767,280
3/7/15,March,2015,15554,30,Young Adults (25-34),F,United States,California,Bikes,Road Bikes,"Road-650 Black, 58",58,1,487,783,487,767,280
8/3/13,August,2013,15554,30,Young Adults (25-34),F,United States,California,Bikes,Road Bikes,"Road-650 Black, 58",58,1,487,783,487,767,280
8/3/15,August,2015,15554,30,Young Adults (25-34),F,United States,California,Bikes,Road Bikes,"Road-650 Black, 58",58,1,487,783,487,767,280
8/4/13,August,2013,15554,30,Young Adults (25-34),F,United States,California,Bikes,Road Bikes,"Road-650 Black, 58",58,1,487,783,487,767,280
8/4/15,August,2015,15554,30,Young Adults (25-34),F,United States,California,Bikes,Road Bikes,"Road-650 Black, 58",58,1,487,783,487,767,280
8/21/13,August,2013,15554,30,Young Adults (25-34),F,United States,California,Bikes,Road Bikes,"Road-650 Black, 58",58,1,487,783,487,767,280
8/21/15,August,2015,15554,30,Young Adults (25-34),F,United States,California,Bikes,Road Bikes,"Road-650 Black, 58",58,1,487,783,487,767,280
9/10/12,September,2012,15684,53,Adults (35-64),M,Germany,Saarland,Bikes,Road Bikes,"Road-250 Red, 52",52,2,1519,2443,3038,4007,969
9/10/11,September,2011,15684,53,Adults (35-64),M,Germany,Saarland,Bikes,Road Bikes,"Road-250 Red, 52",52,4,1519,2443,6076,8013,1937
7/7/13,July,2013,15684,53,Adults (35-64),M,Germany,Saarland,Bikes,Road Bikes,"Road-250 Red, 52",52,1,1519,2443,1519,2003,484
7/7/15,July,2015,15684,53,Adults (35-64),M,Germany,Saarland,Bikes,Road Bikes,"Road-250 Red, 52",52,2,1519,2443,3038,4007,969
9/26/12,September,2012,15685,53,Adults (35-64),F,Germany,Saarland,Bikes,Road Bikes,"Road-250 Black, 52",52,2,1555,2443,3110,4007,897
9/26/11,September,2011,15685,53,Adults (35-64),F,Germany,Saarland,Bikes,Road Bikes,"Road-250 Black, 52",52,4,1555,2443,6220,8013,1793
3/18/13,March,2013,15687,52,Adults (35-64),M,France,Essonne,Bikes,Road Bikes,"Road-250 Red, 52",52,1,1519,2443,1519,2345,826
3/18/15,March,2015,15687,52,Adults (35-64),M,France,Essonne,Bikes,Road Bikes,"Road-250 Red, 52",52,1,1519,2443,1519,2345,826
7/10/13,July,2013,15687,52,Adults (35-64),M,France,Essonne,Bikes,Road Bikes,"Road-250 Red, 52",52,1,1519,2443,1519,2345,826
7/10/15,July,2015,15687,52,Adults (35-64),M,France,Essonne,Bikes,Road Bikes,"Road-250 Red, 52",52,1,1519,2443,1519,2345,826
6/28/14,June,2014,15687,52,Adults (35-64),M,France,Essonne,Bikes,Road Bikes,"Road-250 Black, 48",48,1,1555,2443,1555,2345,790
6/28/16,June,2016,15687,52,Adults (35-64),M,France,Essonne,Bikes,Road Bikes,"Road-250 Black, 48",48,1,1555,2443,1555,2345,790
9/29/12,September,2012,15693,43,Adults (35-64),F,Germany,Hessen,Bikes,Road Bikes,"Road-150 Red, 48",48,2,2171,3578,4342,6655,2313
9/29/11,September,2011,15693,43,Adults (35-64),F,Germany,Hessen,Bikes,Road Bikes,"Road-150 Red, 48",48,1,2171,3578,2171,3328,1157
9/17/12,September,2012,15697,44,Adults (35-64),F,Germany,Bayern,Bikes,Road Bikes,"Road-150 Red, 56",56,2,2171,3578,4342,7084,2742
9/17/11,September,2011,15697,44,Adults (35-64),F,Germany,Bayern,Bikes,Road Bikes,"Road-150 Red, 56",56,1,2171,3578,2171,3542,1371
3/28/13,March,2013,15697,44,Adults (35-64),F,Germany,Bayern,Bikes,Road Bikes,"Road-150 Red, 56",56,1,2171,3578,2171,3542,1371
3/28/15,March,2015,15697,44,Adults (35-64),F,Germany,Bayern,Bikes,Road Bikes,"Road-150 Red, 56",56,2,2171,3578,4342,7084,2742
4/24/14,April,2014,15697,44,Adults (35-64),F,Germany,Bayern,Bikes,Road Bikes,"Road-250 Black, 52",52,1,1555,2443,1555,2419,864
4/24/16,April,2016,15697,44,Adults (35-64),F,Germany,Bayern,Bikes,Road Bikes,"Road-250 Black, 52",52,1,1555,2443,1555,2419,864
3/31/13,March,2013,15700,45,Adults (35-64),M,France,Seine (Paris),Bikes,Road Bikes,"Road-250 Black, 44",44,1,1555,2443,1555,2003,448
3/31/15,March,2015,15700,45,Adults (35-64),M,France,Seine (Paris),Bikes,Road Bikes,"Road-250 Black, 44",44,2,1555,2443,3110,4007,897
8/8/13,August,2013,15700,45,Adults (35-64),M,France,Seine (Paris),Bikes,Road Bikes,"Road-250 Black, 44",44,1,1555,2443,1555,2003,448
8/8/15,August,2015,15700,45,Adults (35-64),M,France,Seine (Paris),Bikes,Road Bikes,"Road-250 Black, 44",44,1,1555,2443,1555,2003,448
10/2/13,October,2013,15700,45,Adults (35-64),M,France,Seine (Paris),Bikes,Road Bikes,"Road-250 Black, 44",44,1,1555,2443,1555,2003,448
10/2/15,October,2015,15700,45,Adults (35-64),M,France,Seine (Paris),Bikes,Road Bikes,"Road-250 Black, 44",44,1,1555,2443,1555,2003,448
7/1/12,July,2012,15763,23,Youth (<25),M,United States,Washington,Bikes,Road Bikes,"Road-750 Black, 52",52,2,344,540,688,842,154
7/1/11,July,2011,15763,23,Youth (<25),M,United States,Washington,Bikes,Road Bikes,"Road-750 Black, 52",52,3,344,540,1032,1264,232
7/4/12,July,2012,15763,23,Youth (<25),M,United States,Washington,Bikes,Road Bikes,"Road-750 Black, 52",52,2,344,540,688,842,154
7/4/11,July,2011,15763,23,Youth (<25),M,United States,Washington,Bikes,Road Bikes,"Road-750 Black, 52",52,1,344,540,344,421,77
7/15/12,July,2012,15763,23,Youth (<25),M,United States,Washington,Bikes,Road Bikes,"Road-750 Black, 52",52,2,344,540,688,842,154
7/15/11,July,2011,15763,23,Youth (<25),M,United States,Washington,Bikes,Road Bikes,"Road-750 Black, 52",52,3,344,540,1032,1264,232
7/17/12,July,2012,15763,23,Youth (<25),M,United States,Washington,Bikes,Road Bikes,"Road-750 Black, 52",52,2,344,540,688,842,154
7/17/11,July,2011,15763,23,Youth (<25),M,United States,Washington,Bikes,Road Bikes,"Road-750 Black, 52",52,1,344,540,344,421,77
7/22/12,July,2012,15763,23,Youth (<25),M,United States,Washington,Bikes,Road Bikes,"Road-750 Black, 52",52,2,344,540,688,842,154
7/22/11,July,2011,15763,23,Youth (<25),M,United States,Washington,Bikes,Road Bikes,"Road-750 Black, 52",52,4,344,540,1376,1685,309
7/27/12,July,2012,15763,23,Youth (<25),M,United States,Washington,Bikes,Road Bikes,"Road-750 Black, 52",52,2,344,540,688,842,154
7/27/11,July,2011,15763,23,Youth (<25),M,United States,Washington,Bikes,Road Bikes,"Road-750 Black, 52",52,1,344,540,344,421,77
8/1/12,August,2012,15763,23,Youth (<25),M,United States,Washington,Bikes,Road Bikes,"Road-750 Black, 52",52,2,344,540,688,842,154
8/1/11,August,2011,15763,23,Youth (<25),M,United States,Washington,Bikes,Road Bikes,"Road-750 Black, 52",52,2,344,540,688,842,154
12/12/12,December,2012,15763,23,Youth (<25),M,United States,Washington,Bikes,Road Bikes,"Road-750 Black, 52",52,2,344,540,688,842,154
12/12/11,December,2011,15763,23,Youth (<25),M,United States,Washington,Bikes,Road Bikes,"Road-750 Black, 52",52,2,344,540,688,842,154
3/12/13,March,2013,15763,23,Youth (<25),M,United States,Washington,Bikes,Road Bikes,"Road-750 Black, 52",52,1,344,540,344,421,77
3/12/15,March,2015,15763,23,Youth (<25),M,United States,Washington,Bikes,Road Bikes,"Road-750 Black, 52",52,1,344,540,344,421,77
8/20/13,August,2013,15763,23,Youth (<25),M,United States,Washington,Bikes,Road Bikes,"Road-750 Black, 52",52,1,344,540,344,421,77
8/20/15,August,2015,15763,23,Youth (<25),M,United States,Washington,Bikes,Road Bikes,"Road-750 Black, 52",52,1,344,540,344,421,77
11/10/13,November,2013,15763,23,Youth (<25),M,United States,Washington,Bikes,Road Bikes,"Road-750 Black, 52",52,1,344,540,344,421,77
11/10/15,November,2015,15763,23,Youth (<25),M,United States,Washington,Bikes,Road Bikes,"Road-750 Black, 52",52,1,344,540,344,421,77
1/20/14,January,2014,15763,23,Youth (<25),M,United States,Washington,Bikes,Road Bikes,"Road-750 Black, 52",52,1,344,540,344,421,77
1/20/16,January,2016,15763,23,Youth (<25),M,United States,Washington,Bikes,Road Bikes,"Road-750 Black, 52",52,1,344,540,344,421,77
2/18/14,February,2014,15763,23,Youth (<25),M,United States,Washington,Bikes,Road Bikes,"Road-750 Black, 52",52,1,344,540,344,421,77
2/18/16,February,2016,15763,23,Youth (<25),M,United States,Washington,Bikes,Road Bikes,"Road-750 Black, 52",52,1,344,540,344,421,77
4/26/14,April,2014,15763,23,Youth (<25),M,United States,Washington,Bikes,Road Bikes,"Road-650 Black, 62",62,1,487,783,487,611,124
4/26/16,April,2016,15763,23,Youth (<25),M,United States,Washington,Bikes,Road Bikes,"Road-650 Black, 62",62,1,487,783,487,611,124
6/11/14,June,2014,15763,23,Youth (<25),M,United States,Washington,Bikes,Road Bikes,"Road-650 Black, 62",62,1,487,783,487,611,124
6/11/16,June,2016,15763,23,Youth (<25),M,United States,Washington,Bikes,Road Bikes,"Road-650 Black, 62",62,1,487,783,487,611,124
6/17/14,June,2014,15763,23,Youth (<25),M,United States,Washington,Bikes,Road Bikes,"Road-650 Black, 62",62,1,487,783,487,611,124
6/17/16,June,2016,15763,23,Youth (<25),M,United States,Washington,Bikes,Road Bikes,"Road-650 Black, 62",62,1,487,783,487,611,124
4/18/12,April,2012,15768,31,Young Adults (25-34),F,United States,California,Bikes,Road Bikes,"Road-650 Black, 62",62,2,487,783,974,1535,561
4/18/11,April,2011,15768,31,Young Adults (25-34),F,United States,California,Bikes,Road Bikes,"Road-650 Black, 62",62,1,487,783,487,767,280
4/21/12,April,2012,15768,31,Young Adults (25-34),F,United States,California,Bikes,Road Bikes,"Road-650 Black, 62",62,2,487,783,974,1535,561
4/21/11,April,2011,15768,31,Young Adults (25-34),F,United States,California,Bikes,Road Bikes,"Road-650 Black, 62",62,1,487,783,487,767,280
4/23/12,April,2012,15768,31,Young Adults (25-34),F,United States,California,Bikes,Road Bikes,"Road-650 Black, 62",62,2,487,783,974,1535,561
4/23/11,April,2011,15768,31,Young Adults (25-34),F,United States,California,Bikes,Road Bikes,"Road-650 Black, 62",62,1,487,783,487,767,280
4/29/12,April,2012,15768,31,Young Adults (25-34),F,United States,California,Bikes,Road Bikes,"Road-650 Black, 62",62,2,487,783,974,1535,561
4/29/11,April,2011,15768,31,Young Adults (25-34),F,United States,California,Bikes,Road Bikes,"Road-650 Black, 62",62,3,487,783,1461,2302,841
7/20/12,July,2012,15768,31,Young Adults (25-34),F,United States,California,Bikes,Road Bikes,"Road-650 Black, 62",62,2,487,783,974,1535,561
7/20/11,July,2011,15768,31,Young Adults (25-34),F,United States,California,Bikes,Road Bikes,"Road-650 Black, 62",62,1,487,783,487,767,280
7/25/12,July,2012,15768,31,Young Adults (25-34),F,United States,California,Bikes,Road Bikes,"Road-650 Black, 62",62,2,487,783,974,1535,561
7/25/11,July,2011,15768,31,Young Adults (25-34),F,United States,California,Bikes,Road Bikes,"Road-650 Black, 62",62,1,487,783,487,767,280
12/2/12,December,2012,15768,31,Young Adults (25-34),F,United States,California,Bikes,Road Bikes,"Road-650 Black, 62",62,2,487,783,974,1535,561
12/2/11,December,2011,15768,31,Young Adults (25-34),F,United States,California,Bikes,Road Bikes,"Road-650 Black, 62",62,1,487,783,487,767,280
12/3/12,December,2012,15768,31,Young Adults (25-34),F,United States,California,Bikes,Road Bikes,"Road-650 Black, 62",62,2,487,783,974,1535,561
12/3/11,December,2011,15768,31,Young Adults (25-34),F,United States,California,Bikes,Road Bikes,"Road-650 Black, 62",62,4,487,783,1948,3069,1121
4/8/13,April,2013,15768,31,Young Adults (25-34),F,United States,California,Bikes,Road Bikes,"Road-650 Black, 62",62,1,487,783,487,767,280
4/8/13,April,2013,15768,31,Young Adults (25-34),F,United States,California,Bikes,Road Bikes,"Road-650 Black, 62",62,1,487,783,487,767,280
4/8/15,April,2015,15768,31,Young Adults (25-34),F,United States,California,Bikes,Road Bikes,"Road-650 Black, 62",62,1,487,783,487,767,280
4/8/15,April,2015,15768,31,Young Adults (25-34),F,United States,California,Bikes,Road Bikes,"Road-650 Black, 62",62,1,487,783,487,767,280
8/21/13,August,2013,15768,31,Young Adults (25-34),F,United States,California,Bikes,Road Bikes,"Road-650 Black, 62",62,1,487,783,487,767,280
8/21/15,August,2015,15768,31,Young Adults (25-34),F,United States,California,Bikes,Road Bikes,"Road-650 Black, 62",62,1,487,783,487,767,280
10/2/13,October,2013,15768,31,Young Adults (25-34),F,United States,California,Bikes,Road Bikes,"Road-650 Black, 62",62,1,487,783,487,767,280
10/2/15,October,2015,15768,31,Young Adults (25-34),F,United States,California,Bikes,Road Bikes,"Road-650 Black, 62",62,2,487,783,974,1535,561
12/3/13,December,2013,15768,31,Young Adults (25-34),F,United States,California,Bikes,Road Bikes,"Road-650 Black, 62",62,1,487,783,487,767,280
12/3/15,December,2015,15768,31,Young Adults (25-34),F,United States,California,Bikes,Road Bikes,"Road-650 Black, 62",62,1,487,783,487,767,280
12/11/13,December,2013,15768,31,Young Adults (25-34),F,United States,California,Bikes,Road Bikes,"Road-650 Black, 62",62,1,487,783,487,767,280
12/11/15,December,2015,15768,31,Young Adults (25-34),F,United States,California,Bikes,Road Bikes,"Road-650 Black, 62",62,1,487,783,487,767,280
12/28/13,December,2013,15768,31,Young Adults (25-34),F,United States,California,Bikes,Road Bikes,"Road-650 Black, 62",62,1,487,783,487,767,280
12/28/15,December,2015,15768,31,Young Adults (25-34),F,United States,California,Bikes,Road Bikes,"Road-650 Black, 62",62,1,487,783,487,767,280
1/5/14,January,2014,15768,31,Young Adults (25-34),F,United States,California,Bikes,Road Bikes,"Road-650 Black, 62",62,1,487,783,487,767,280
1/5/16,January,2016,15768,31,Young Adults (25-34),F,United States,California,Bikes,Road Bikes,"Road-650 Black, 62",62,1,487,783,487,767,280
2/7/14,February,2014,15768,31,Young Adults (25-34),F,United States,California,Bikes,Road Bikes,"Road-650 Black, 62",62,1,487,783,487,767,280
2/7/16,February,2016,15768,31,Young Adults (25-34),F,United States,California,Bikes,Road Bikes,"Road-650 Black, 62",62,1,487,783,487,767,280
2/14/14,February,2014,15768,31,Young Adults (25-34),F,United States,California,Bikes,Road Bikes,"Road-650 Black, 62",62,1,487,783,487,767,280
2/14/16,February,2016,15768,31,Young Adults (25-34),F,United States,California,Bikes,Road Bikes,"Road-650 Black, 62",62,1,487,783,487,767,280
5/19/14,May,2014,15768,31,Young Adults (25-34),F,United States,California,Bikes,Road Bikes,"Road-650 Red, 44",44,1,487,783,487,767,280
5/19/16,May,2016,15768,31,Young Adults (25-34),F,United States,California,Bikes,Road Bikes,"Road-650 Red, 44",44,1,487,783,487,767,280
6/9/14,June,2014,15768,31,Young Adults (25-34),F,United States,California,Bikes,Road Bikes,"Road-650 Red, 44",44,1,487,783,487,767,280
6/9/16,June,2016,15768,31,Young Adults (25-34),F,United States,California,Bikes,Road Bikes,"Road-650 Red, 44",44,2,487,783,974,1535,561
4/17/13,April,2013,15834,21,Youth (<25),F,United States,Washington,Bikes,Road Bikes,"Road-650 Red, 60",60,1,487,783,487,611,124
4/17/15,April,2015,15834,21,Youth (<25),F,United States,Washington,Bikes,Road Bikes,"Road-650 Red, 60",60,1,487,783,487,611,124
1/28/12,January,2012,15851,30,Young Adults (25-34),F,United States,Washington,Bikes,Road Bikes,"Road-650 Red, 58",58,2,487,783,974,1221,247
1/28/11,January,2011,15851,30,Young Adults (25-34),F,United States,Washington,Bikes,Road Bikes,"Road-650 Red, 58",58,1,487,783,487,611,124
6/12/12,June,2012,15851,30,Young Adults (25-34),F,United States,Washington,Bikes,Road Bikes,"Road-650 Red, 58",58,2,487,783,974,1221,247
6/12/11,June,2011,15851,30,Young Adults (25-34),F,United States,Washington,Bikes,Road Bikes,"Road-650 Red, 58",58,1,487,783,487,611,124
1/8/13,January,2013,15851,30,Young Adults (25-34),F,United States,Washington,Bikes,Road Bikes,"Road-650 Red, 58",58,1,487,783,487,611,124
1/8/15,January,2015,15851,30,Young Adults (25-34),F,United States,Washington,Bikes,Road Bikes,"Road-650 Red, 58",58,1,487,783,487,611,124
2/10/13,February,2013,15851,30,Young Adults (25-34),F,United States,Washington,Bikes,Road Bikes,"Road-650 Red, 58",58,1,487,783,487,611,124
2/10/15,February,2015,15851,30,Young Adults (25-34),F,United States,Washington,Bikes,Road Bikes,"Road-650 Red, 58",58,1,487,783,487,611,124
2/23/13,February,2013,15851,30,Young Adults (25-34),F,United States,Washington,Bikes,Road Bikes,"Road-650 Red, 58",58,1,487,783,487,611,124
2/23/15,February,2015,15851,30,Young Adults (25-34),F,United States,Washington,Bikes,Road Bikes,"Road-650 Red, 58",58,3,487,783,1461,1832,371
4/1/13,April,2013,15851,30,Young Adults (25-34),F,United States,Washington,Bikes,Road Bikes,"Road-650 Red, 58",58,1,487,783,487,611,124
4/1/15,April,2015,15851,30,Young Adults (25-34),F,United States,Washington,Bikes,Road Bikes,"Road-650 Red, 58",58,2,487,783,974,1221,247
8/14/13,August,2013,15851,30,Young Adults (25-34),F,United States,Washington,Bikes,Road Bikes,"Road-650 Red, 58",58,1,487,783,487,611,124
8/14/15,August,2015,15851,30,Young Adults (25-34),F,United States,Washington,Bikes,Road Bikes,"Road-650 Red, 58",58,1,487,783,487,611,124
10/11/13,October,2013,15851,30,Young Adults (25-34),F,United States,Washington,Bikes,Road Bikes,"Road-650 Red, 58",58,1,487,783,487,611,124
10/11/15,October,2015,15851,30,Young Adults (25-34),F,United States,Washington,Bikes,Road Bikes,"Road-650 Red, 58",58,1,487,783,487,611,124
10/14/13,October,2013,15851,30,Young Adults (25-34),F,United States,Washington,Bikes,Road Bikes,"Road-650 Red, 58",58,1,487,783,487,611,124
10/14/15,October,2015,15851,30,Young Adults (25-34),F,United States,Washington,Bikes,Road Bikes,"Road-650 Red, 58",58,1,487,783,487,611,124
12/22/13,December,2013,15851,30,Young Adults (25-34),F,United States,Washington,Bikes,Road Bikes,"Road-650 Red, 58",58,1,487,783,487,611,124
12/22/15,December,2015,15851,30,Young Adults (25-34),F,United States,Washington,Bikes,Road Bikes,"Road-650 Red, 58",58,3,487,783,1461,1832,371
4/1/13,April,2013,15882,52,Adults (35-64),M,United States,Oregon,Bikes,Road Bikes,"Road-650 Red, 58",58,1,487,783,487,673,186
4/1/15,April,2015,15882,52,Adults (35-64),M,United States,Oregon,Bikes,Road Bikes,"Road-650 Red, 58",58,1,487,783,487,673,186
9/13/12,September,2012,15886,51,Adults (35-64),M,United States,California,Bikes,Road Bikes,"Road-650 Black, 62",62,2,487,783,974,1535,561
9/13/11,September,2011,15886,51,Adults (35-64),M,United States,California,Bikes,Road Bikes,"Road-650 Black, 62",62,1,487,783,487,767,280
5/28/13,May,2013,15886,51,Adults (35-64),M,United States,California,Bikes,Road Bikes,"Road-650 Black, 62",62,1,487,783,487,767,280
5/28/15,May,2015,15886,51,Adults (35-64),M,United States,California,Bikes,Road Bikes,"Road-650 Black, 62",62,3,487,783,1461,2302,841
7/14/13,July,2013,15886,51,Adults (35-64),M,United States,California,Bikes,Road Bikes,"Road-650 Black, 62",62,1,487,783,487,767,280
7/14/15,July,2015,15886,51,Adults (35-64),M,United States,California,Bikes,Road Bikes,"Road-650 Black, 62",62,1,487,783,487,767,280
4/3/14,April,2014,15886,51,Adults (35-64),M,United States,California,Bikes,Road Bikes,"Road-650 Black, 62",62,1,487,783,487,767,280
4/3/16,April,2016,15886,51,Adults (35-64),M,United States,California,Bikes,Road Bikes,"Road-650 Black, 62",62,1,487,783,487,767,280
5/31/14,May,2014,15886,51,Adults (35-64),M,United States,California,Bikes,Road Bikes,"Road-650 Red, 58",58,1,487,783,487,767,280
5/31/16,May,2016,15886,51,Adults (35-64),M,United States,California,Bikes,Road Bikes,"Road-650 Red, 58",58,1,487,783,487,767,280
5/1/13,May,2013,15893,49,Adults (35-64),F,United States,Washington,Bikes,Road Bikes,"Road-650 Red, 60",60,1,487,783,487,611,124
5/1/15,May,2015,15893,49,Adults (35-64),F,United States,Washington,Bikes,Road Bikes,"Road-650 Red, 60",60,1,487,783,487,611,124
5/14/13,May,2013,15893,49,Adults (35-64),F,United States,Washington,Bikes,Road Bikes,"Road-650 Red, 60",60,1,487,783,487,611,124
5/14/15,May,2015,15893,49,Adults (35-64),F,United States,Washington,Bikes,Road Bikes,"Road-650 Red, 60",60,1,487,783,487,611,124
3/22/14,March,2014,15893,49,Adults (35-64),F,United States,Washington,Bikes,Road Bikes,"Road-650 Red, 60",60,1,487,783,487,611,124
12/11/12,December,2012,16015,18,Youth (<25),F,United States,California,Bikes,Road Bikes,"Road-650 Black, 62",62,2,487,783,974,1535,561
12/11/11,December,2011,16015,18,Youth (<25),F,United States,California,Bikes,Road Bikes,"Road-650 Black, 62",62,1,487,783,487,767,280
7/25/13,July,2013,16015,18,Youth (<25),F,United States,California,Bikes,Road Bikes,"Road-650 Black, 62",62,1,487,783,487,767,280
7/25/15,July,2015,16015,18,Youth (<25),F,United States,California,Bikes,Road Bikes,"Road-650 Black, 62",62,1,487,783,487,767,280
6/8/14,June,2014,16025,52,Adults (35-64),M,Australia,New South Wales,Bikes,Road Bikes,"Road-750 Black, 44",44,1,344,540,344,470,126
6/8/16,June,2016,16025,52,Adults (35-64),M,Australia,New South Wales,Bikes,Road Bikes,"Road-750 Black, 44",44,1,344,540,344,470,126
1/10/13,January,2013,16031,50,Adults (35-64),M,Australia,Queensland,Bikes,Road Bikes,"Road-350-W Yellow, 40",40,1,1083,1701,1083,1429,346
1/10/15,January,2015,16031,50,Adults (35-64),M,Australia,Queensland,Bikes,Road Bikes,"Road-350-W Yellow, 40",40,1,1083,1701,1083,1429,346
12/12/13,December,2013,16031,50,Adults (35-64),M,Australia,Queensland,Bikes,Road Bikes,"Road-350-W Yellow, 40",40,1,1083,1701,1083,1429,346
12/12/15,December,2015,16031,50,Adults (35-64),M,Australia,Queensland,Bikes,Road Bikes,"Road-350-W Yellow, 40",40,1,1083,1701,1083,1429,346
1/30/14,January,2014,16031,50,Adults (35-64),M,Australia,Queensland,Bikes,Road Bikes,"Road-350-W Yellow, 40",40,1,1083,1701,1083,1429,346
1/30/16,January,2016,16031,50,Adults (35-64),M,Australia,Queensland,Bikes,Road Bikes,"Road-350-W Yellow, 40",40,1,1083,1701,1083,1429,346
6/6/14,June,2014,16031,50,Adults (35-64),M,Australia,Queensland,Bikes,Road Bikes,"Road-350-W Yellow, 40",40,1,1083,1701,1083,1429,346
6/6/16,June,2016,16031,50,Adults (35-64),M,Australia,Queensland,Bikes,Road Bikes,"Road-350-W Yellow, 40",40,1,1083,1701,1083,1429,346
3/16/13,March,2013,16051,41,Adults (35-64),M,France,Nord,Bikes,Road Bikes,"Road-250 Red, 52",52,1,1519,2443,1519,2125,606
3/16/15,March,2015,16051,41,Adults (35-64),M,France,Nord,Bikes,Road Bikes,"Road-250 Red, 52",52,2,1519,2443,3038,4251,1213
9/8/12,September,2012,16196,24,Youth (<25),M,Germany,Hamburg,Bikes,Road Bikes,"Road-250 Black, 44",44,2,1555,2443,3110,4544,1434
9/8/11,September,2011,16196,24,Youth (<25),M,Germany,Hamburg,Bikes,Road Bikes,"Road-250 Black, 44",44,1,1555,2443,1555,2272,717
12/3/12,December,2012,16196,24,Youth (<25),M,Germany,Hamburg,Bikes,Road Bikes,"Road-250 Black, 44",44,2,1555,2443,3110,4544,1434
12/3/11,December,2011,16196,24,Youth (<25),M,Germany,Hamburg,Bikes,Road Bikes,"Road-250 Black, 44",44,2,1555,2443,3110,4544,1434
7/25/13,July,2013,16196,24,Youth (<25),M,Germany,Hamburg,Bikes,Road Bikes,"Road-250 Black, 44",44,1,1555,2443,1555,2272,717
7/25/15,July,2015,16196,24,Youth (<25),M,Germany,Hamburg,Bikes,Road Bikes,"Road-250 Black, 44",44,2,1555,2443,3110,4544,1434
10/15/13,October,2013,16196,24,Youth (<25),M,Germany,Hamburg,Bikes,Road Bikes,"Road-250 Red, 44",44,1,1519,2443,1519,2272,753
10/15/15,October,2015,16196,24,Youth (<25),M,Germany,Hamburg,Bikes,Road Bikes,"Road-250 Red, 44",44,1,1519,2443,1519,2272,753
3/12/14,March,2014,16196,24,Youth (<25),M,Germany,Hamburg,Bikes,Road Bikes,"Road-250 Red, 44",44,1,1519,2443,1519,2272,753
3/12/16,March,2016,16196,24,Youth (<25),M,Germany,Hamburg,Bikes,Road Bikes,"Road-250 Red, 44",44,3,1519,2443,4557,6816,2259
5/23/14,May,2014,16196,24,Youth (<25),M,Germany,Hamburg,Bikes,Road Bikes,"Road-250 Red, 44",44,1,1519,2443,1519,2272,753
5/23/16,May,2016,16196,24,Youth (<25),M,Germany,Hamburg,Bikes,Road Bikes,"Road-250 Red, 44",44,1,1519,2443,1519,2272,753
4/26/12,April,2012,16201,26,Young Adults (25-34),M,United Kingdom,England,Bikes,Road Bikes,"Road-250 Black, 44",44,2,1555,2443,3110,4691,1581
4/26/11,April,2011,16201,26,Young Adults (25-34),M,United Kingdom,England,Bikes,Road Bikes,"Road-250 Black, 44",44,1,1555,2443,1555,2345,790
7/21/12,July,2012,16201,26,Young Adults (25-34),M,United Kingdom,England,Bikes,Road Bikes,"Road-250 Black, 44",44,2,1555,2443,3110,4691,1581
7/21/11,July,2011,16201,26,Young Adults (25-34),M,United Kingdom,England,Bikes,Road Bikes,"Road-250 Black, 44",44,1,1555,2443,1555,2345,790
7/24/12,July,2012,16201,26,Young Adults (25-34),M,United Kingdom,England,Bikes,Road Bikes,"Road-250 Black, 44",44,2,1555,2443,3110,4691,1581
7/24/11,July,2011,16201,26,Young Adults (25-34),M,United Kingdom,England,Bikes,Road Bikes,"Road-250 Black, 44",44,1,1555,2443,1555,2345,790
5/24/13,May,2013,16201,26,Young Adults (25-34),M,United Kingdom,England,Bikes,Road Bikes,"Road-250 Black, 44",44,1,1555,2443,1555,2345,790
5/24/15,May,2015,16201,26,Young Adults (25-34),M,United Kingdom,England,Bikes,Road Bikes,"Road-250 Black, 44",44,3,1555,2443,4665,7036,2371
10/7/13,October,2013,16201,26,Young Adults (25-34),M,United Kingdom,England,Bikes,Road Bikes,"Road-250 Red, 58",58,1,1555,2443,1555,2345,790
10/7/15,October,2015,16201,26,Young Adults (25-34),M,United Kingdom,England,Bikes,Road Bikes,"Road-250 Red, 58",58,1,1555,2443,1555,2345,790
10/8/13,October,2013,16201,26,Young Adults (25-34),M,United Kingdom,England,Bikes,Road Bikes,"Road-250 Red, 58",58,1,1555,2443,1555,2345,790
10/8/15,October,2015,16201,26,Young Adults (25-34),M,United Kingdom,England,Bikes,Road Bikes,"Road-250 Red, 58",58,1,1555,2443,1555,2345,790
1/2/14,January,2014,16201,26,Young Adults (25-34),M,United Kingdom,England,Bikes,Road Bikes,"Road-250 Red, 58",58,1,1555,2443,1555,2345,790
1/2/16,January,2016,16201,26,Young Adults (25-34),M,United Kingdom,England,Bikes,Road Bikes,"Road-250 Red, 58",58,1,1555,2443,1555,2345,790
1/14/14,January,2014,16201,26,Young Adults (25-34),M,United Kingdom,England,Bikes,Road Bikes,"Road-250 Red, 58",58,1,1555,2443,1555,2345,790
1/14/16,January,2016,16201,26,Young Adults (25-34),M,United Kingdom,England,Bikes,Road Bikes,"Road-250 Red, 58",58,1,1555,2443,1555,2345,790
2/7/14,February,2014,16201,26,Young Adults (25-34),M,United Kingdom,England,Bikes,Road Bikes,"Road-250 Red, 58",58,1,1555,2443,1555,2345,790
2/7/16,February,2016,16201,26,Young Adults (25-34),M,United Kingdom,England,Bikes,Road Bikes,"Road-250 Red, 58",58,1,1555,2443,1555,2345,790
2/23/14,February,2014,16201,26,Young Adults (25-34),M,United Kingdom,England,Bikes,Road Bikes,"Road-250 Red, 58",58,1,1555,2443,1555,2345,790
2/23/16,February,2016,16201,26,Young Adults (25-34),M,United Kingdom,England,Bikes,Road Bikes,"Road-250 Red, 58",58,3,1555,2443,4665,7036,2371
3/18/14,March,2014,16201,26,Young Adults (25-34),M,United Kingdom,England,Bikes,Road Bikes,"Road-250 Red, 58",58,1,1555,2443,1555,2345,790
3/18/16,March,2016,16201,26,Young Adults (25-34),M,United Kingdom,England,Bikes,Road Bikes,"Road-250 Red, 58",58,1,1555,2443,1555,2345,790
3/5/13,March,2013,16203,27,Young Adults (25-34),M,France,Val de Marne,Bikes,Road Bikes,"Road-250 Red, 58",58,1,1555,2443,1555,1930,375
3/5/15,March,2015,16203,27,Young Adults (25-34),M,France,Val de Marne,Bikes,Road Bikes,"Road-250 Red, 58",58,1,1555,2443,1555,1930,375
12/27/12,December,2012,16204,26,Young Adults (25-34),M,France,Essonne,Bikes,Road Bikes,"Road-250 Black, 52",52,2,1555,2443,3110,4691,1581
12/27/11,December,2011,16204,26,Young Adults (25-34),M,France,Essonne,Bikes,Road Bikes,"Road-250 Black, 52",52,1,1555,2443,1555,2345,790
3/19/13,March,2013,16204,26,Young Adults (25-34),M,France,Essonne,Bikes,Road Bikes,"Road-250 Black, 52",52,1,1555,2443,1555,2345,790
3/19/15,March,2015,16204,26,Young Adults (25-34),M,France,Essonne,Bikes,Road Bikes,"Road-250 Black, 52",52,1,1555,2443,1555,2345,790
10/17/12,October,2012,16206,26,Young Adults (25-34),F,Germany,Hessen,Bikes,Road Bikes,"Road-250 Red, 58",58,2,1555,2443,3110,4544,1434
10/17/11,October,2011,16206,26,Young Adults (25-34),F,Germany,Hessen,Bikes,Road Bikes,"Road-250 Red, 58",58,1,1555,2443,1555,2272,717
12/16/12,December,2012,16206,26,Young Adults (25-34),F,Germany,Hessen,Bikes,Road Bikes,"Road-250 Red, 58",58,2,1555,2443,3110,4544,1434
12/16/11,December,2011,16206,26,Young Adults (25-34),F,Germany,Hessen,Bikes,Road Bikes,"Road-250 Red, 58",58,3,1555,2443,4665,6816,2151
12/3/13,December,2013,16206,26,Young Adults (25-34),F,Germany,Hessen,Bikes,Road Bikes,"Road-250 Red, 48",48,1,1519,2443,1519,2272,753
12/3/15,December,2015,16206,26,Young Adults (25-34),F,Germany,Hessen,Bikes,Road Bikes,"Road-250 Red, 48",48,1,1519,2443,1519,2272,753
10/11/12,October,2012,16207,26,Young Adults (25-34),M,Germany,Bayern,Bikes,Road Bikes,"Road-250 Red, 48",48,2,1519,2443,3038,4837,1799
10/11/11,October,2011,16207,26,Young Adults (25-34),M,Germany,Bayern,Bikes,Road Bikes,"Road-250 Red, 48",48,1,1519,2443,1519,2419,900
12/5/13,December,2013,16207,26,Young Adults (25-34),M,Germany,Bayern,Bikes,Road Bikes,"Road-250 Red, 48",48,1,1519,2443,1519,2419,900
12/5/15,December,2015,16207,26,Young Adults (25-34),M,Germany,Bayern,Bikes,Road Bikes,"Road-250 Red, 48",48,2,1519,2443,3038,4837,1799
4/28/14,April,2014,16207,26,Young Adults (25-34),M,Germany,Bayern,Bikes,Road Bikes,"Road-250 Red, 48",48,1,1519,2443,1519,2419,900
4/28/16,April,2016,16207,26,Young Adults (25-34),M,Germany,Bayern,Bikes,Road Bikes,"Road-250 Red, 48",48,1,1519,2443,1519,2419,900
2/1/12,February,2012,16225,44,Adults (35-64),M,United States,California,Bikes,Road Bikes,"Road-750 Black, 48",48,2,344,540,688,1058,370
2/1/11,February,2011,16225,44,Adults (35-64),M,United States,California,Bikes,Road Bikes,"Road-750 Black, 48",48,1,344,540,344,529,185
2/25/12,February,2012,16225,44,Adults (35-64),M,United States,California,Bikes,Road Bikes,"Road-750 Black, 48",48,2,344,540,688,1058,370
2/25/11,February,2011,16225,44,Adults (35-64),M,United States,California,Bikes,Road Bikes,"Road-750 Black, 48",48,1,344,540,344,529,185
2/26/12,February,2012,16225,44,Adults (35-64),M,United States,California,Bikes,Road Bikes,"Road-750 Black, 48",48,2,344,540,688,1058,370
2/26/11,February,2011,16225,44,Adults (35-64),M,United States,California,Bikes,Road Bikes,"Road-750 Black, 48",48,3,344,540,1032,1588,556
6/24/12,June,2012,16225,44,Adults (35-64),M,United States,California,Bikes,Road Bikes,"Road-750 Black, 48",48,2,344,540,688,1058,370
6/24/11,June,2011,16225,44,Adults (35-64),M,United States,California,Bikes,Road Bikes,"Road-750 Black, 48",48,4,344,540,1376,2117,741
12/14/12,December,2012,16225,44,Adults (35-64),M,United States,California,Bikes,Road Bikes,"Road-750 Black, 48",48,2,344,540,688,1058,370
12/14/11,December,2011,16225,44,Adults (35-64),M,United States,California,Bikes,Road Bikes,"Road-750 Black, 48",48,1,344,540,344,529,185
12/25/12,December,2012,16225,44,Adults (35-64),M,United States,California,Bikes,Road Bikes,"Road-750 Black, 48",48,2,344,540,688,1058,370
12/25/11,December,2011,16225,44,Adults (35-64),M,United States,California,Bikes,Road Bikes,"Road-750 Black, 48",48,1,344,540,344,529,185
6/23/13,June,2013,16225,44,Adults (35-64),M,United States,California,Bikes,Road Bikes,"Road-750 Black, 48",48,1,344,540,344,529,185
6/23/15,June,2015,16225,44,Adults (35-64),M,United States,California,Bikes,Road Bikes,"Road-750 Black, 48",48,1,344,540,344,529,185
8/18/13,August,2013,16225,44,Adults (35-64),M,United States,California,Bikes,Road Bikes,"Road-750 Black, 48",48,1,344,540,344,529,185
8/18/13,August,2013,16225,44,Adults (35-64),M,United States,California,Bikes,Road Bikes,"Road-750 Black, 48",48,1,344,540,344,529,185
8/18/15,August,2015,16225,44,Adults (35-64),M,United States,California,Bikes,Road Bikes,"Road-750 Black, 48",48,2,344,540,688,1058,370
8/18/15,August,2015,16225,44,Adults (35-64),M,United States,California,Bikes,Road Bikes,"Road-750 Black, 48",48,1,344,540,344,529,185
8/29/13,August,2013,16225,44,Adults (35-64),M,United States,California,Bikes,Road Bikes,"Road-750 Black, 48",48,1,344,540,344,529,185
8/29/15,August,2015,16225,44,Adults (35-64),M,United States,California,Bikes,Road Bikes,"Road-750 Black, 48",48,1,344,540,344,529,185
8/30/13,August,2013,16225,44,Adults (35-64),M,United States,California,Bikes,Road Bikes,"Road-750 Black, 48",48,1,344,540,344,529,185
8/30/15,August,2015,16225,44,Adults (35-64),M,United States,California,Bikes,Road Bikes,"Road-750 Black, 48",48,3,344,540,1032,1588,556
9/4/13,September,2013,16225,44,Adults (35-64),M,United States,California,Bikes,Road Bikes,"Road-750 Black, 48",48,1,344,540,344,529,185
9/4/15,September,2015,16225,44,Adults (35-64),M,United States,California,Bikes,Road Bikes,"Road-750 Black, 48",48,1,344,540,344,529,185
11/29/13,November,2013,16225,44,Adults (35-64),M,United States,California,Bikes,Road Bikes,"Road-750 Black, 48",48,1,344,540,344,529,185
11/29/15,November,2015,16225,44,Adults (35-64),M,United States,California,Bikes,Road Bikes,"Road-750 Black, 48",48,3,344,540,1032,1588,556
12/18/13,December,2013,16225,44,Adults (35-64),M,United States,California,Bikes,Road Bikes,"Road-750 Black, 48",48,1,344,540,344,529,185
12/18/15,December,2015,16225,44,Adults (35-64),M,United States,California,Bikes,Road Bikes,"Road-750 Black, 48",48,1,344,540,344,529,185
2/5/14,February,2014,16225,44,Adults (35-64),M,United States,California,Bikes,Road Bikes,"Road-750 Black, 48",48,1,344,540,344,529,185
2/5/16,February,2016,16225,44,Adults (35-64),M,United States,California,Bikes,Road Bikes,"Road-750 Black, 48",48,1,344,540,344,529,185
3/21/14,March,2014,16225,44,Adults (35-64),M,United States,California,Bikes,Road Bikes,"Road-750 Black, 48",48,1,344,540,344,529,185
3/21/16,March,2016,16225,44,Adults (35-64),M,United States,California,Bikes,Road Bikes,"Road-750 Black, 48",48,1,344,540,344,529,185
4/13/14,April,2014,16225,44,Adults (35-64),M,United States,California,Bikes,Road Bikes,"Road-750 Black, 48",48,1,344,540,344,529,185
4/13/16,April,2016,16225,44,Adults (35-64),M,United States,California,Bikes,Road Bikes,"Road-750 Black, 48",48,1,344,540,344,529,185
4/18/14,April,2014,16225,44,Adults (35-64),M,United States,California,Bikes,Road Bikes,"Road-750 Black, 48",48,1,344,540,344,529,185
4/18/16,April,2016,16225,44,Adults (35-64),M,United States,California,Bikes,Road Bikes,"Road-750 Black, 48",48,3,344,540,1032,1588,556
5/4/14,May,2014,16225,44,Adults (35-64),M,United States,California,Bikes,Road Bikes,"Road-750 Black, 48",48,1,344,540,344,529,185
5/4/16,May,2016,16225,44,Adults (35-64),M,United States,California,Bikes,Road Bikes,"Road-750 Black, 48",48,1,344,540,344,529,185
6/10/14,June,2014,16225,44,Adults (35-64),M,United States,California,Bikes,Road Bikes,"Road-750 Black, 48",48,1,344,540,344,529,185
6/10/16,June,2016,16225,44,Adults (35-64),M,United States,California,Bikes,Road Bikes,"Road-750 Black, 48",48,1,344,540,344,529,185
6/14/14,June,2014,16225,44,Adults (35-64),M,United States,California,Bikes,Road Bikes,"Road-750 Black, 48",48,1,344,540,344,529,185
6/14/16,June,2016,16225,44,Adults (35-64),M,United States,California,Bikes,Road Bikes,"Road-750 Black, 48",48,3,344,540,1032,1588,556
6/29/14,June,2014,16225,44,Adults (35-64),M,United States,California,Bikes,Road Bikes,"Road-750 Black, 48",48,1,344,540,344,529,185
6/29/16,June,2016,16225,44,Adults (35-64),M,United States,California,Bikes,Road Bikes,"Road-750 Black, 48",48,1,344,540,344,529,185
3/14/13,March,2013,16259,31,Young Adults (25-34),F,France,Nord,Bikes,Road Bikes,"Road-250 Red, 58",58,1,1555,2443,1555,2125,570
3/14/15,March,2015,16259,31,Young Adults (25-34),F,France,Nord,Bikes,Road Bikes,"Road-250 Red, 58",58,1,1555,2443,1555,2125,570
4/10/14,April,2014,16259,31,Young Adults (25-34),F,France,Nord,Bikes,Road Bikes,"Road-250 Black, 58",58,1,1555,2443,1555,2125,570
4/10/16,April,2016,16259,31,Young Adults (25-34),F,France,Nord,Bikes,Road Bikes,"Road-250 Black, 58",58,1,1555,2443,1555,2125,570
5/27/14,May,2014,16259,31,Young Adults (25-34),F,France,Nord,Bikes,Road Bikes,"Road-250 Black, 58",58,1,1555,2443,1555,2125,570
5/27/16,May,2016,16259,31,Young Adults (25-34),F,France,Nord,Bikes,Road Bikes,"Road-250 Black, 58",58,3,1555,2443,4665,6376,1711
10/14/12,October,2012,16267,31,Young Adults (25-34),M,Germany,Bayern,Bikes,Road Bikes,"Road-250 Red, 52",52,2,1519,2443,3038,4837,1799
10/14/11,October,2011,16267,31,Young Adults (25-34),M,Germany,Bayern,Bikes,Road Bikes,"Road-250 Red, 52",52,1,1519,2443,1519,2419,900
4/12/13,April,2013,16267,31,Young Adults (25-34),M,Germany,Bayern,Bikes,Road Bikes,"Road-250 Red, 52",52,1,1519,2443,1519,2419,900
4/12/15,April,2015,16267,31,Young Adults (25-34),M,Germany,Bayern,Bikes,Road Bikes,"Road-250 Red, 52",52,3,1519,2443,4557,7256,2699
10/13/13,October,2013,16267,31,Young Adults (25-34),M,Germany,Bayern,Bikes,Road Bikes,"Road-250 Red, 52",52,1,1519,2443,1519,2419,900
10/13/15,October,2015,16267,31,Young Adults (25-34),M,Germany,Bayern,Bikes,Road Bikes,"Road-250 Red, 52",52,1,1519,2443,1519,2419,900
4/13/14,April,2014,16267,31,Young Adults (25-34),M,Germany,Bayern,Bikes,Road Bikes,"Road-250 Red, 44",44,1,1519,2443,1519,2419,900
4/13/16,April,2016,16267,31,Young Adults (25-34),M,Germany,Bayern,Bikes,Road Bikes,"Road-250 Red, 44",44,1,1519,2443,1519,2419,900
3/23/12,March,2012,16269,31,Young Adults (25-34),F,Germany,Saarland,Bikes,Road Bikes,"Road-250 Black, 44",44,2,1555,2443,3110,4007,897
3/23/11,March,2011,16269,31,Young Adults (25-34),F,Germany,Saarland,Bikes,Road Bikes,"Road-250 Black, 44",44,1,1555,2443,1555,2003,448
10/8/12,October,2012,16269,31,Young Adults (25-34),F,Germany,Saarland,Bikes,Road Bikes,"Road-250 Black, 44",44,2,1555,2443,3110,4007,897
10/8/11,October,2011,16269,31,Young Adults (25-34),F,Germany,Saarland,Bikes,Road Bikes,"Road-250 Black, 44",44,3,1555,2443,4665,6010,1345
4/17/13,April,2013,16269,31,Young Adults (25-34),F,Germany,Saarland,Bikes,Road Bikes,"Road-250 Black, 44",44,1,1555,2443,1555,2003,448
4/17/15,April,2015,16269,31,Young Adults (25-34),F,Germany,Saarland,Bikes,Road Bikes,"Road-250 Black, 44",44,1,1555,2443,1555,2003,448
10/31/12,October,2012,16271,32,Young Adults (25-34),F,Germany,Hamburg,Bikes,Road Bikes,"Road-250 Black, 44",44,2,1555,2443,3110,4544,1434
10/31/11,October,2011,16271,32,Young Adults (25-34),F,Germany,Hamburg,Bikes,Road Bikes,"Road-250 Black, 44",44,1,1555,2443,1555,2272,717
11/3/13,November,2013,16271,32,Young Adults (25-34),F,Germany,Hamburg,Bikes,Road Bikes,"Road-250 Red, 48",48,1,1519,2443,1519,2272,753
11/3/15,November,2015,16271,32,Young Adults (25-34),F,Germany,Hamburg,Bikes,Road Bikes,"Road-250 Red, 48",48,3,1519,2443,4557,6816,2259
5/22/14,May,2014,16271,32,Young Adults (25-34),F,Germany,Hamburg,Bikes,Road Bikes,"Road-250 Red, 48",48,1,1519,2443,1519,2272,753
5/22/16,May,2016,16271,32,Young Adults (25-34),F,Germany,Hamburg,Bikes,Road Bikes,"Road-250 Red, 48",48,2,1519,2443,3038,4544,1506
1/17/12,January,2012,16273,32,Young Adults (25-34),F,France,Seine Saint Denis,Bikes,Road Bikes,"Road-250 Black, 58",58,2,1555,2443,3110,4007,897
1/17/11,January,2011,16273,32,Young Adults (25-34),F,France,Seine Saint Denis,Bikes,Road Bikes,"Road-250 Black, 58",58,4,1555,2443,6220,8013,1793
4/29/13,April,2013,16273,32,Young Adults (25-34),F,France,Seine Saint Denis,Bikes,Road Bikes,"Road-250 Black, 58",58,1,1555,2443,1555,2003,448
4/29/15,April,2015,16273,32,Young Adults (25-34),F,France,Seine Saint Denis,Bikes,Road Bikes,"Road-250 Black, 58",58,1,1555,2443,1555,2003,448
4/8/14,April,2014,16273,32,Young Adults (25-34),F,France,Seine Saint Denis,Bikes,Road Bikes,"Road-250 Black, 58",58,1,1555,2443,1555,2003,448
4/8/16,April,2016,16273,32,Young Adults (25-34),F,France,Seine Saint Denis,Bikes,Road Bikes,"Road-250 Black, 58",58,1,1555,2443,1555,2003,448
4/29/13,April,2013,16288,34,Young Adults (25-34),M,France,Hauts de Seine,Bikes,Road Bikes,"Road-250 Black, 52",52,1,1555,2443,1555,2272,717
4/29/15,April,2015,16288,34,Young Adults (25-34),M,France,Hauts de Seine,Bikes,Road Bikes,"Road-250 Black, 52",52,1,1555,2443,1555,2272,717
4/15/13,April,2013,16289,32,Young Adults (25-34),F,France,Charente-Maritime,Bikes,Road Bikes,"Road-250 Black, 48",48,1,1555,2443,1555,2394,839
4/15/15,April,2015,16289,32,Young Adults (25-34),F,France,Charente-Maritime,Bikes,Road Bikes,"Road-250 Black, 48",48,2,1555,2443,3110,4788,1678
5/21/12,May,2012,16291,33,Young Adults (25-34),F,France,Seine (Paris),Bikes,Road Bikes,"Road-250 Black, 44",44,2,1555,2443,3110,4007,897
5/21/11,May,2011,16291,33,Young Adults (25-34),F,France,Seine (Paris),Bikes,Road Bikes,"Road-250 Black, 44",44,2,1555,2443,3110,4007,897
4/9/13,April,2013,16291,33,Young Adults (25-34),F,France,Seine (Paris),Bikes,Road Bikes,"Road-250 Black, 44",44,1,1555,2443,1555,2003,448
4/9/15,April,2015,16291,33,Young Adults (25-34),F,France,Seine (Paris),Bikes,Road Bikes,"Road-250 Black, 44",44,1,1555,2443,1555,2003,448
7/25/13,July,2013,16291,33,Young Adults (25-34),F,France,Seine (Paris),Bikes,Road Bikes,"Road-250 Black, 44",44,1,1555,2443,1555,2003,448
7/25/15,July,2015,16291,33,Young Adults (25-34),F,France,Seine (Paris),Bikes,Road Bikes,"Road-250 Black, 44",44,1,1555,2443,1555,2003,448
11/30/12,November,2012,16305,18,Youth (<25),M,Germany,Bayern,Bikes,Road Bikes,"Road-250 Red, 58",58,2,1555,2443,3110,4837,1727
11/30/11,November,2011,16305,18,Youth (<25),M,Germany,Bayern,Bikes,Road Bikes,"Road-250 Red, 58",58,2,1555,2443,3110,4837,1727
10/21/13,October,2013,16305,18,Youth (<25),M,Germany,Bayern,Bikes,Road Bikes,"Road-250 Red, 58",58,1,1555,2443,1555,2419,864
10/21/15,October,2015,16305,18,Youth (<25),M,Germany,Bayern,Bikes,Road Bikes,"Road-250 Red, 58",58,3,1555,2443,4665,7256,2591
6/9/14,June,2014,16305,18,Youth (<25),M,Germany,Bayern,Bikes,Road Bikes,"Road-250 Red, 44",44,1,1519,2443,1519,2419,900
6/9/16,June,2016,16305,18,Youth (<25),M,Germany,Bayern,Bikes,Road Bikes,"Road-250 Red, 44",44,1,1519,2443,1519,2419,900
11/6/12,November,2012,16309,35,Adults (35-64),F,Germany,Hessen,Bikes,Road Bikes,"Road-250 Black, 58",58,2,1555,2443,3110,4544,1434
11/6/11,November,2011,16309,35,Adults (35-64),F,Germany,Hessen,Bikes,Road Bikes,"Road-250 Black, 58",58,1,1555,2443,1555,2272,717
11/14/12,November,2012,16313,19,Youth (<25),F,Germany,Nordrhein-Westfalen,Bikes,Road Bikes,"Road-250 Black, 58",58,2,1555,2443,3110,4251,1141
11/14/11,November,2011,16313,19,Youth (<25),F,Germany,Nordrhein-Westfalen,Bikes,Road Bikes,"Road-250 Black, 58",58,3,1555,2443,4665,6376,1711
7/1/13,July,2013,16313,19,Youth (<25),F,Germany,Nordrhein-Westfalen,Bikes,Road Bikes,"Road-250 Black, 58",58,1,1555,2443,1555,2125,570
7/1/15,July,2015,16313,19,Youth (<25),F,Germany,Nordrhein-Westfalen,Bikes,Road Bikes,"Road-250 Black, 58",58,3,1555,2443,4665,6376,1711
4/17/13,April,2013,16339,47,Adults (35-64),M,Australia,Queensland,Bikes,Road Bikes,"Road-250 Red, 48",48,1,1519,2443,1519,2052,533
4/17/15,April,2015,16339,47,Adults (35-64),M,Australia,Queensland,Bikes,Road Bikes,"Road-250 Red, 48",48,3,1519,2443,4557,6156,1599
7/11/13,July,2013,16339,47,Adults (35-64),M,Australia,Queensland,Bikes,Road Bikes,"Road-250 Red, 48",48,1,1519,2443,1519,2052,533
7/11/15,July,2015,16339,47,Adults (35-64),M,Australia,Queensland,Bikes,Road Bikes,"Road-250 Red, 48",48,3,1519,2443,4557,6156,1599
4/25/14,April,2014,16339,47,Adults (35-64),M,Australia,Queensland,Bikes,Road Bikes,"Road-250 Red, 48",48,1,1519,2443,1519,2052,533
4/25/16,April,2016,16339,47,Adults (35-64),M,Australia,Queensland,Bikes,Road Bikes,"Road-250 Red, 48",48,2,1519,2443,3038,4104,1066
5/1/12,May,2012,16340,17,Youth (<25),M,United States,California,Bikes,Road Bikes,"Road-550-W Yellow, 38",38,2,713,1120,1426,2195,769
5/1/12,May,2012,16340,17,Youth (<25),M,United States,California,Bikes,Road Bikes,"Road-550-W Yellow, 38",38,2,713,1120,1426,2195,769
5/1/11,May,2011,16340,17,Youth (<25),M,United States,California,Bikes,Road Bikes,"Road-550-W Yellow, 38",38,3,713,1120,2139,3293,1154
5/1/11,May,2011,16340,17,Youth (<25),M,United States,California,Bikes,Road Bikes,"Road-550-W Yellow, 38",38,1,713,1120,713,1098,385
6/7/12,June,2012,16340,17,Youth (<25),M,United States,California,Bikes,Road Bikes,"Road-550-W Yellow, 38",38,2,713,1120,1426,2195,769
6/7/11,June,2011,16340,17,Youth (<25),M,United States,California,Bikes,Road Bikes,"Road-550-W Yellow, 38",38,3,713,1120,2139,3293,1154
9/29/13,September,2013,16340,17,Youth (<25),M,United States,California,Bikes,Road Bikes,"Road-550-W Yellow, 38",38,1,713,1120,713,1098,385
9/29/15,September,2015,16340,17,Youth (<25),M,United States,California,Bikes,Road Bikes,"Road-550-W Yellow, 38",38,1,713,1120,713,1098,385
10/23/13,October,2013,16340,17,Youth (<25),M,United States,California,Bikes,Road Bikes,"Road-550-W Yellow, 38",38,1,713,1120,713,1098,385
10/23/15,October,2015,16340,17,Youth (<25),M,United States,California,Bikes,Road Bikes,"Road-550-W Yellow, 38",38,2,713,1120,1426,2195,769
12/18/13,December,2013,16340,17,Youth (<25),M,United States,California,Bikes,Road Bikes,"Road-550-W Yellow, 38",38,1,713,1120,713,1098,385
12/18/15,December,2015,16340,17,Youth (<25),M,United States,California,Bikes,Road Bikes,"Road-550-W Yellow, 38",38,1,713,1120,713,1098,385
10/2/12,October,2012,16348,43,Adults (35-64),M,Australia,New South Wales,Bikes,Road Bikes,"Road-150 Red, 52",52,2,2171,3578,4342,6226,1884
10/2/11,October,2011,16348,43,Adults (35-64),M,Australia,New South Wales,Bikes,Road Bikes,"Road-150 Red, 52",52,1,2171,3578,2171,3113,942
10/7/12,October,2012,16348,43,Adults (35-64),M,Australia,New South Wales,Bikes,Road Bikes,"Road-150 Red, 52",52,2,2171,3578,4342,6226,1884
10/7/11,October,2011,16348,43,Adults (35-64),M,Australia,New South Wales,Bikes,Road Bikes,"Road-150 Red, 52",52,4,2171,3578,8684,12451,3767
2/2/13,February,2013,16348,43,Adults (35-64),M,Australia,New South Wales,Bikes,Road Bikes,"Road-150 Red, 52",52,1,2171,3578,2171,3113,942
2/2/15,February,2015,16348,43,Adults (35-64),M,Australia,New South Wales,Bikes,Road Bikes,"Road-150 Red, 52",52,1,2171,3578,2171,3113,942
10/10/13,October,2013,16348,43,Adults (35-64),M,Australia,New South Wales,Bikes,Road Bikes,"Road-150 Red, 52",52,1,2171,3578,2171,3113,942
10/10/15,October,2015,16348,43,Adults (35-64),M,Australia,New South Wales,Bikes,Road Bikes,"Road-150 Red, 52",52,1,2171,3578,2171,3113,942
2/6/14,February,2014,16348,43,Adults (35-64),M,Australia,New South Wales,Bikes,Road Bikes,"Road-150 Red, 52",52,1,2171,3578,2171,3113,942
2/6/16,February,2016,16348,43,Adults (35-64),M,Australia,New South Wales,Bikes,Road Bikes,"Road-150 Red, 52",52,1,2171,3578,2171,3113,942
5/8/14,May,2014,16348,43,Adults (35-64),M,Australia,New South Wales,Bikes,Road Bikes,"Road-150 Red, 52",52,1,2171,3578,2171,3113,942
5/8/16,May,2016,16348,43,Adults (35-64),M,Australia,New South Wales,Bikes,Road Bikes,"Road-150 Red, 52",52,1,2171,3578,2171,3113,942
5/11/14,May,2014,16348,43,Adults (35-64),M,Australia,New South Wales,Bikes,Road Bikes,"Road-150 Red, 52",52,1,2171,3578,2171,3113,942
5/11/16,May,2016,16348,43,Adults (35-64),M,Australia,New South Wales,Bikes,Road Bikes,"Road-150 Red, 52",52,1,2171,3578,2171,3113,942
1/26/12,January,2012,16351,43,Adults (35-64),F,Australia,Queensland,Bikes,Road Bikes,"Road-150 Red, 62",62,2,2171,3578,4342,6011,1669
1/26/11,January,2011,16351,43,Adults (35-64),F,Australia,Queensland,Bikes,Road Bikes,"Road-150 Red, 62",62,3,2171,3578,6513,9017,2504
6/23/12,June,2012,16351,43,Adults (35-64),F,Australia,Queensland,Bikes,Road Bikes,"Road-150 Red, 62",62,2,2171,3578,4342,6011,1669
6/23/11,June,2011,16351,43,Adults (35-64),F,Australia,Queensland,Bikes,Road Bikes,"Road-150 Red, 62",62,1,2171,3578,2171,3006,835
9/12/13,September,2013,16351,43,Adults (35-64),F,Australia,Queensland,Bikes,Road Bikes,"Road-150 Red, 52",52,1,2171,3578,2171,3006,835
9/12/15,September,2015,16351,43,Adults (35-64),F,Australia,Queensland,Bikes,Road Bikes,"Road-150 Red, 52",52,1,2171,3578,2171,3006,835
2/15/14,February,2014,16351,43,Adults (35-64),F,Australia,Queensland,Bikes,Road Bikes,"Road-150 Red, 52",52,1,2171,3578,2171,3006,835
2/15/16,February,2016,16351,43,Adults (35-64),F,Australia,Queensland,Bikes,Road Bikes,"Road-150 Red, 52",52,1,2171,3578,2171,3006,835
6/5/12,June,2012,16352,43,Adults (35-64),F,Australia,New South Wales,Bikes,Road Bikes,"Road-150 Red, 52",52,2,2171,3578,4342,6226,1884
6/5/11,June,2011,16352,43,Adults (35-64),F,Australia,New South Wales,Bikes,Road Bikes,"Road-150 Red, 52",52,2,2171,3578,4342,6226,1884
12/17/12,December,2012,16352,43,Adults (35-64),F,Australia,New South Wales,Bikes,Road Bikes,"Road-150 Red, 56",56,2,2171,3578,4342,6226,1884
12/17/11,December,2011,16352,43,Adults (35-64),F,Australia,New South Wales,Bikes,Road Bikes,"Road-150 Red, 56",56,1,2171,3578,2171,3113,942
12/29/12,December,2012,16352,43,Adults (35-64),F,Australia,New South Wales,Bikes,Road Bikes,"Road-150 Red, 56",56,2,2171,3578,4342,6226,1884
12/29/11,December,2011,16352,43,Adults (35-64),F,Australia,New South Wales,Bikes,Road Bikes,"Road-150 Red, 56",56,1,2171,3578,2171,3113,942
2/21/13,February,2013,16352,43,Adults (35-64),F,Australia,New South Wales,Bikes,Road Bikes,"Road-150 Red, 56",56,1,2171,3578,2171,3113,942
2/21/15,February,2015,16352,43,Adults (35-64),F,Australia,New South Wales,Bikes,Road Bikes,"Road-150 Red, 56",56,2,2171,3578,4342,6226,1884
10/19/15,October,2015,16352,43,Adults (35-64),F,Australia,New South Wales,Bikes,Road Bikes,"Road-150 Red, 56",56,1,2171,3578,2171,3113,942
11/14/13,November,2013,16352,43,Adults (35-64),F,Australia,New South Wales,Bikes,Road Bikes,"Road-150 Red, 56",56,1,2171,3578,2171,3113,942
11/14/15,November,2015,16352,43,Adults (35-64),F,Australia,New South Wales,Bikes,Road Bikes,"Road-150 Red, 56",56,1,2171,3578,2171,3113,942
2/3/14,February,2014,16352,43,Adults (35-64),F,Australia,New South Wales,Bikes,Road Bikes,"Road-150 Red, 56",56,1,2171,3578,2171,3113,942
2/3/16,February,2016,16352,43,Adults (35-64),F,Australia,New South Wales,Bikes,Road Bikes,"Road-150 Red, 56",56,1,2171,3578,2171,3113,942
3/26/14,March,2014,16352,43,Adults (35-64),F,Australia,New South Wales,Bikes,Road Bikes,"Road-150 Red, 56",56,1,2171,3578,2171,3113,942
3/26/16,March,2016,16352,43,Adults (35-64),F,Australia,New South Wales,Bikes,Road Bikes,"Road-150 Red, 56",56,1,2171,3578,2171,3113,942
1/1/12,January,2012,16361,42,Adults (35-64),M,United States,California,Bikes,Road Bikes,"Road-750 Black, 44",44,2,344,540,688,1058,370
1/1/11,January,2011,16361,42,Adults (35-64),M,United States,California,Bikes,Road Bikes,"Road-750 Black, 44",44,1,344,540,344,529,185
3/18/12,March,2012,16361,42,Adults (35-64),M,United States,California,Bikes,Road Bikes,"Road-750 Black, 44",44,2,344,540,688,1058,370
7/31/13,July,2013,16400,30,Young Adults (25-34),M,France,Seine Saint Denis,Bikes,Road Bikes,"Road-250 Black, 48",48,1,1555,2443,1555,2003,448
7/31/15,July,2015,16400,30,Young Adults (25-34),M,France,Seine Saint Denis,Bikes,Road Bikes,"Road-250 Black, 48",48,1,1555,2443,1555,2003,448
5/11/14,May,2014,16400,30,Young Adults (25-34),M,France,Seine Saint Denis,Bikes,Road Bikes,"Road-250 Red, 52",52,1,1519,2443,1519,2003,484
5/11/16,May,2016,16400,30,Young Adults (25-34),M,France,Seine Saint Denis,Bikes,Road Bikes,"Road-250 Red, 52",52,1,1519,2443,1519,2003,484
6/4/14,June,2014,16400,30,Young Adults (25-34),M,France,Seine Saint Denis,Bikes,Road Bikes,"Road-250 Red, 52",52,1,1519,2443,1519,2003,484
6/4/16,June,2016,16400,30,Young Adults (25-34),M,France,Seine Saint Denis,Bikes,Road Bikes,"Road-250 Red, 52",52,1,1519,2443,1519,2003,484
12/12/12,December,2012,16411,33,Young Adults (25-34),M,Germany,Saarland,Bikes,Road Bikes,"Road-250 Red, 44",44,2,1519,2443,3038,4007,969
12/12/11,December,2011,16411,33,Young Adults (25-34),M,Germany,Saarland,Bikes,Road Bikes,"Road-250 Red, 44",44,1,1519,2443,1519,2003,484
11/3/13,November,2013,16411,33,Young Adults (25-34),M,Germany,Saarland,Bikes,Road Bikes,"Road-250 Red, 44",44,1,1519,2443,1519,2003,484
11/3/15,November,2015,16411,33,Young Adults (25-34),M,Germany,Saarland,Bikes,Road Bikes,"Road-250 Red, 44",44,2,1519,2443,3038,4007,969
5/12/13,May,2013,16416,33,Young Adults (25-34),M,France,Nord,Bikes,Road Bikes,"Road-250 Black, 58",58,1,1555,2443,1555,2125,570
5/12/15,May,2015,16416,33,Young Adults (25-34),M,France,Nord,Bikes,Road Bikes,"Road-250 Black, 58",58,1,1555,2443,1555,2125,570
10/21/13,October,2013,16416,33,Young Adults (25-34),M,France,Nord,Bikes,Road Bikes,"Road-250 Black, 58",58,1,1555,2443,1555,2125,570
10/21/15,October,2015,16416,33,Young Adults (25-34),M,France,Nord,Bikes,Road Bikes,"Road-250 Black, 58",58,1,1555,2443,1555,2125,570
4/23/13,April,2013,16425,31,Young Adults (25-34),F,France,Seine et Marne,Bikes,Road Bikes,"Road-250 Black, 58",58,1,1555,2443,1555,2003,448
4/23/15,April,2015,16425,31,Young Adults (25-34),F,France,Seine et Marne,Bikes,Road Bikes,"Road-250 Black, 58",58,1,1555,2443,1555,2003,448
5/17/13,May,2013,16425,31,Young Adults (25-34),F,France,Seine et Marne,Bikes,Road Bikes,"Road-250 Black, 58",58,1,1555,2443,1555,2003,448
5/17/15,May,2015,16425,31,Young Adults (25-34),F,France,Seine et Marne,Bikes,Road Bikes,"Road-250 Black, 58",58,3,1555,2443,4665,6010,1345
5/30/13,May,2013,16426,31,Young Adults (25-34),M,France,Somme,Bikes,Road Bikes,"Road-250 Black, 48",48,1,1555,2443,1555,2003,448
5/30/15,May,2015,16426,31,Young Adults (25-34),M,France,Somme,Bikes,Road Bikes,"Road-250 Black, 48",48,1,1555,2443,1555,2003,448
4/19/14,April,2014,16426,31,Young Adults (25-34),M,France,Somme,Bikes,Road Bikes,"Road-250 Black, 48",48,1,1555,2443,1555,2003,448
4/19/16,April,2016,16426,31,Young Adults (25-34),M,France,Somme,Bikes,Road Bikes,"Road-250 Black, 48",48,3,1555,2443,4665,6010,1345
5/16/13,May,2013,16432,33,Young Adults (25-34),M,France,Yveline,Bikes,Road Bikes,"Road-250 Black, 58",58,1,1555,2443,1555,1857,302
5/16/15,May,2015,16432,33,Young Adults (25-34),M,France,Yveline,Bikes,Road Bikes,"Road-250 Black, 58",58,1,1555,2443,1555,1857,302
12/20/13,December,2013,16432,33,Young Adults (25-34),M,France,Yveline,Bikes,Road Bikes,"Road-250 Black, 58",58,1,1555,2443,1555,1857,302
12/20/15,December,2015,16432,33,Young Adults (25-34),M,France,Yveline,Bikes,Road Bikes,"Road-250 Black, 58",58,3,1555,2443,4665,5570,905
12/12/12,December,2012,16442,18,Youth (<25),M,Germany,Hessen,Bikes,Road Bikes,"Road-250 Black, 52",52,2,1555,2443,3110,4544,1434
12/12/11,December,2011,16442,18,Youth (<25),M,Germany,Hessen,Bikes,Road Bikes,"Road-250 Black, 52",52,3,1555,2443,4665,6816,2151
1/27/14,January,2014,16442,18,Youth (<25),M,Germany,Hessen,Bikes,Road Bikes,"Road-250 Red, 44",44,1,1519,2443,1519,2272,753
1/27/16,January,2016,16442,18,Youth (<25),M,Germany,Hessen,Bikes,Road Bikes,"Road-250 Red, 44",44,2,1519,2443,3038,4544,1506
12/1/12,December,2012,16451,20,Youth (<25),M,Germany,Hamburg,Bikes,Road Bikes,"Road-250 Red, 58",58,2,1555,2443,3110,4544,1434
12/1/11,December,2011,16451,20,Youth (<25),M,Germany,Hamburg,Bikes,Road Bikes,"Road-250 Red, 58",58,1,1555,2443,1555,2272,717
2/26/14,February,2014,16451,20,Youth (<25),M,Germany,Hamburg,Bikes,Road Bikes,"Road-250 Black, 48",48,1,1555,2443,1555,2272,717
2/26/16,February,2016,16451,20,Youth (<25),M,Germany,Hamburg,Bikes,Road Bikes,"Road-250 Black, 48",48,1,1555,2443,1555,2272,717
12/29/12,December,2012,16466,23,Youth (<25),F,Germany,Hessen,Bikes,Road Bikes,"Road-250 Red, 48",48,2,1519,2443,3038,4544,1506
12/29/11,December,2011,16466,23,Youth (<25),F,Germany,Hessen,Bikes,Road Bikes,"Road-250 Red, 48",48,3,1519,2443,4557,6816,2259
3/30/14,March,2014,16466,23,Youth (<25),F,Germany,Hessen,Bikes,Road Bikes,"Road-250 Black, 52",52,1,1555,2443,1555,2272,717
3/30/16,March,2016,16466,23,Youth (<25),F,Germany,Hessen,Bikes,Road Bikes,"Road-250 Black, 52",52,1,1555,2443,1555,2272,717
6/7/13,June,2013,16476,24,Youth (<25),M,France,Seine (Paris),Bikes,Road Bikes,"Road-250 Black, 44",44,1,1555,2443,1555,2003,448
6/7/15,June,2015,16476,24,Youth (<25),M,France,Seine (Paris),Bikes,Road Bikes,"Road-250 Black, 44",44,3,1555,2443,4665,6010,1345
11/6/13,November,2013,16476,24,Youth (<25),M,France,Seine (Paris),Bikes,Road Bikes,"Road-250 Black, 44",44,1,1555,2443,1555,2003,448
11/6/15,November,2015,16476,24,Youth (<25),M,France,Seine (Paris),Bikes,Road Bikes,"Road-250 Black, 44",44,1,1555,2443,1555,2003,448
2/16/14,February,2014,16476,24,Youth (<25),M,France,Seine (Paris),Bikes,Road Bikes,"Road-250 Black, 44",44,1,1555,2443,1555,2003,448
2/16/16,February,2016,16476,24,Youth (<25),M,France,Seine (Paris),Bikes,Road Bikes,"Road-250 Black, 44",44,1,1555,2443,1555,2003,448
2/20/14,February,2014,16476,24,Youth (<25),M,France,Seine (Paris),Bikes,Road Bikes,"Road-250 Black, 44",44,1,1555,2443,1555,2003,448
2/20/16,February,2016,16476,24,Youth (<25),M,France,Seine (Paris),Bikes,Road Bikes,"Road-250 Black, 44",44,2,1555,2443,3110,4007,897
10/5/12,October,2012,16482,47,Adults (35-64),F,Australia,Victoria,Bikes,Road Bikes,"Road-150 Red, 62",62,2,2171,3578,4342,5653,1311
10/5/11,October,2011,16482,47,Adults (35-64),F,Australia,Victoria,Bikes,Road Bikes,"Road-150 Red, 62",62,1,2171,3578,2171,2827,656
8/24/13,August,2013,16482,47,Adults (35-64),F,Australia,Victoria,Bikes,Road Bikes,"Road-150 Red, 62",62,1,2171,3578,2171,2827,656
8/24/15,August,2015,16482,47,Adults (35-64),F,Australia,Victoria,Bikes,Road Bikes,"Road-150 Red, 62",62,1,2171,3578,2171,2827,656
11/4/13,November,2013,16482,47,Adults (35-64),F,Australia,Victoria,Bikes,Road Bikes,"Road-150 Red, 62",62,1,2171,3578,2171,2827,656
11/4/15,November,2015,16482,47,Adults (35-64),F,Australia,Victoria,Bikes,Road Bikes,"Road-150 Red, 62",62,1,2171,3578,2171,2827,656
5/22/12,May,2012,16509,56,Adults (35-64),F,United Kingdom,England,Bikes,Road Bikes,"Road-750 Black, 44",44,2,344,540,688,1037,349
5/22/11,May,2011,16509,56,Adults (35-64),F,United Kingdom,England,Bikes,Road Bikes,"Road-750 Black, 44",44,1,344,540,344,518,174
9/26/12,September,2012,16509,56,Adults (35-64),F,United Kingdom,England,Bikes,Road Bikes,"Road-750 Black, 44",44,2,344,540,688,1037,349
9/26/11,September,2011,16509,56,Adults (35-64),F,United Kingdom,England,Bikes,Road Bikes,"Road-750 Black, 44",44,1,344,540,344,518,174
11/25/13,November,2013,16509,56,Adults (35-64),F,United Kingdom,England,Bikes,Road Bikes,"Road-250 Red, 48",48,1,1519,2443,1519,2345,826
11/25/15,November,2015,16509,56,Adults (35-64),F,United Kingdom,England,Bikes,Road Bikes,"Road-250 Red, 48",48,3,1519,2443,4557,7036,2479
2/11/14,February,2014,16509,56,Adults (35-64),F,United Kingdom,England,Bikes,Road Bikes,"Road-250 Red, 48",48,1,1519,2443,1519,2345,826
2/11/16,February,2016,16509,56,Adults (35-64),F,United Kingdom,England,Bikes,Road Bikes,"Road-250 Red, 48",48,1,1519,2443,1519,2345,826
3/29/14,March,2014,16509,56,Adults (35-64),F,United Kingdom,England,Bikes,Road Bikes,"Road-250 Red, 48",48,1,1519,2443,1519,2345,826
3/29/16,March,2016,16509,56,Adults (35-64),F,United Kingdom,England,Bikes,Road Bikes,"Road-250 Red, 48",48,1,1519,2443,1519,2345,826
9/4/12,September,2012,16512,55,Adults (35-64),M,United Kingdom,England,Bikes,Road Bikes,"Road-250 Red, 48",48,2,1519,2443,3038,4691,1653
9/4/11,September,2011,16512,55,Adults (35-64),M,United Kingdom,England,Bikes,Road Bikes,"Road-250 Red, 48",48,1,1519,2443,1519,2345,826
9/30/12,September,2012,16512,55,Adults (35-64),M,United Kingdom,England,Bikes,Road Bikes,"Road-250 Red, 48",48,2,1519,2443,3038,4691,1653
9/30/11,September,2011,16512,55,Adults (35-64),M,United Kingdom,England,Bikes,Road Bikes,"Road-250 Red, 48",48,1,1519,2443,1519,2345,826
3/8/13,March,2013,16512,55,Adults (35-64),M,United Kingdom,England,Bikes,Road Bikes,"Road-250 Red, 48",48,1,1519,2443,1519,2345,826
3/8/15,March,2015,16512,55,Adults (35-64),M,United Kingdom,England,Bikes,Road Bikes,"Road-250 Red, 48",48,3,1519,2443,4557,7036,2479
7/4/13,July,2013,16512,55,Adults (35-64),M,United Kingdom,England,Bikes,Road Bikes,"Road-250 Red, 48",48,1,1519,2443,1519,2345,826
7/4/15,July,2015,16512,55,Adults (35-64),M,United Kingdom,England,Bikes,Road Bikes,"Road-250 Red, 48",48,1,1519,2443,1519,2345,826
10/9/13,October,2013,16512,55,Adults (35-64),M,United Kingdom,England,Bikes,Road Bikes,"Road-250 Red, 52",52,1,1519,2443,1519,2345,826
10/9/15,October,2015,16512,55,Adults (35-64),M,United Kingdom,England,Bikes,Road Bikes,"Road-250 Red, 52",52,2,1519,2443,3038,4691,1653
12/3/13,December,2013,16512,55,Adults (35-64),M,United Kingdom,England,Bikes,Road Bikes,"Road-250 Red, 52",52,1,1519,2443,1519,2345,826
12/3/15,December,2015,16512,55,Adults (35-64),M,United Kingdom,England,Bikes,Road Bikes,"Road-250 Red, 52",52,3,1519,2443,4557,7036,2479
6/1/13,June,2013,16513,54,Adults (35-64),M,France,Seine et Marne,Bikes,Road Bikes,"Road-250 Red, 52",52,1,1519,2443,1519,2003,484
6/1/15,June,2015,16513,54,Adults (35-64),M,France,Seine et Marne,Bikes,Road Bikes,"Road-250 Red, 52",52,1,1519,2443,1519,2003,484
2/8/14,February,2014,16513,54,Adults (35-64),M,France,Seine et Marne,Bikes,Road Bikes,"Road-250 Red, 52",52,1,1519,2443,1519,2003,484
2/8/16,February,2016,16513,54,Adults (35-64),M,France,Seine et Marne,Bikes,Road Bikes,"Road-250 Red, 52",52,1,1519,2443,1519,2003,484
9/19/13,September,2013,16515,17,Youth (<25),M,Australia,Tasmania,Bikes,Road Bikes,"Road-150 Red, 44",44,1,2171,3578,2171,2898,727
9/19/15,September,2015,16515,17,Youth (<25),M,Australia,Tasmania,Bikes,Road Bikes,"Road-150 Red, 44",44,1,2171,3578,2171,2898,727
9/12/13,September,2013,16519,21,Youth (<25),F,Australia,Queensland,Bikes,Road Bikes,"Road-150 Red, 62",62,1,2171,3578,2171,3006,835
9/12/15,September,2015,16519,21,Youth (<25),F,Australia,Queensland,Bikes,Road Bikes,"Road-150 Red, 62",62,3,2171,3578,6513,9017,2504
10/11/13,October,2013,16519,21,Youth (<25),F,Australia,Queensland,Bikes,Road Bikes,"Road-150 Red, 62",62,1,2171,3578,2171,3006,835
10/11/15,October,2015,16519,21,Youth (<25),F,Australia,Queensland,Bikes,Road Bikes,"Road-150 Red, 62",62,1,2171,3578,2171,3006,835
4/27/13,April,2013,16520,21,Youth (<25),F,Australia,Victoria,Bikes,Road Bikes,"Road-150 Red, 44",44,1,2171,3578,2171,2827,656
4/27/15,April,2015,16520,21,Youth (<25),F,Australia,Victoria,Bikes,Road Bikes,"Road-150 Red, 44",44,1,2171,3578,2171,2827,656
9/27/13,September,2013,16520,21,Youth (<25),F,Australia,Victoria,Bikes,Road Bikes,"Road-150 Red, 44",44,1,2171,3578,2171,2827,656
9/27/15,September,2015,16520,21,Youth (<25),F,Australia,Victoria,Bikes,Road Bikes,"Road-150 Red, 44",44,1,2171,3578,2171,2827,656
10/8/13,October,2013,16520,21,Youth (<25),F,Australia,Victoria,Bikes,Road Bikes,"Road-150 Red, 44",44,1,2171,3578,2171,2827,656
10/8/15,October,2015,16520,21,Youth (<25),F,Australia,Victoria,Bikes,Road Bikes,"Road-150 Red, 44",44,3,2171,3578,6513,8480,1967
6/2/12,June,2012,16521,18,Youth (<25),F,Australia,Queensland,Bikes,Road Bikes,"Road-550-W Yellow, 48",48,2,713,1120,1426,1882,456
6/2/11,June,2011,16521,18,Youth (<25),F,Australia,Queensland,Bikes,Road Bikes,"Road-550-W Yellow, 48",48,1,713,1120,713,941,228
11/3/12,November,2012,16521,18,Youth (<25),F,Australia,Queensland,Bikes,Road Bikes,"Road-150 Red, 62",62,2,2171,3578,4342,6011,1669
11/3/11,November,2011,16521,18,Youth (<25),F,Australia,Queensland,Bikes,Road Bikes,"Road-150 Red, 62",62,4,2171,3578,8684,12022,3338
11/7/12,November,2012,16521,18,Youth (<25),F,Australia,Queensland,Bikes,Road Bikes,"Road-150 Red, 62",62,2,2171,3578,4342,6011,1669
11/7/11,November,2011,16521,18,Youth (<25),F,Australia,Queensland,Bikes,Road Bikes,"Road-150 Red, 62",62,1,2171,3578,2171,3006,835
11/22/12,November,2012,16521,18,Youth (<25),F,Australia,Queensland,Bikes,Road Bikes,"Road-150 Red, 62",62,2,2171,3578,4342,6011,1669
11/22/11,November,2011,16521,18,Youth (<25),F,Australia,Queensland,Bikes,Road Bikes,"Road-150 Red, 62",62,1,2171,3578,2171,3006,835
4/7/13,April,2013,16521,18,Youth (<25),F,Australia,Queensland,Bikes,Road Bikes,"Road-150 Red, 62",62,1,2171,3578,2171,3006,835
4/7/15,April,2015,16521,18,Youth (<25),F,Australia,Queensland,Bikes,Road Bikes,"Road-150 Red, 62",62,1,2171,3578,2171,3006,835
4/8/13,April,2013,16521,18,Youth (<25),F,Australia,Queensland,Bikes,Road Bikes,"Road-150 Red, 62",62,1,2171,3578,2171,3006,835
4/8/15,April,2015,16521,18,Youth (<25),F,Australia,Queensland,Bikes,Road Bikes,"Road-150 Red, 62",62,3,2171,3578,6513,9017,2504
10/3/13,October,2013,16521,18,Youth (<25),F,Australia,Queensland,Bikes,Road Bikes,"Road-150 Red, 62",62,1,2171,3578,2171,3006,835
10/3/15,October,2015,16521,18,Youth (<25),F,Australia,Queensland,Bikes,Road Bikes,"Road-150 Red, 62",62,3,2171,3578,6513,9017,2504
10/4/13,October,2013,16521,18,Youth (<25),F,Australia,Queensland,Bikes,Road Bikes,"Road-150 Red, 62",62,1,2171,3578,2171,3006,835
10/4/15,October,2015,16521,18,Youth (<25),F,Australia,Queensland,Bikes,Road Bikes,"Road-150 Red, 62",62,1,2171,3578,2171,3006,835
10/8/13,October,2013,16521,18,Youth (<25),F,Australia,Queensland,Bikes,Road Bikes,"Road-150 Red, 62",62,1,2171,3578,2171,3006,835
10/8/15,October,2015,16521,18,Youth (<25),F,Australia,Queensland,Bikes,Road Bikes,"Road-150 Red, 62",62,3,2171,3578,6513,9017,2504
10/10/13,October,2013,16521,18,Youth (<25),F,Australia,Queensland,Bikes,Road Bikes,"Road-150 Red, 62",62,1,2171,3578,2171,3006,835
10/10/15,October,2015,16521,18,Youth (<25),F,Australia,Queensland,Bikes,Road Bikes,"Road-150 Red, 62",62,1,2171,3578,2171,3006,835
12/5/13,December,2013,16521,18,Youth (<25),F,Australia,Queensland,Bikes,Road Bikes,"Road-150 Red, 62",62,1,2171,3578,2171,3006,835
12/5/15,December,2015,16521,18,Youth (<25),F,Australia,Queensland,Bikes,Road Bikes,"Road-150 Red, 62",62,2,2171,3578,4342,6011,1669
12/7/13,December,2013,16521,18,Youth (<25),F,Australia,Queensland,Bikes,Road Bikes,"Road-150 Red, 62",62,1,2171,3578,2171,3006,835
12/7/15,December,2015,16521,18,Youth (<25),F,Australia,Queensland,Bikes,Road Bikes,"Road-150 Red, 62",62,1,2171,3578,2171,3006,835
6/25/13,June,2013,16532,36,Adults (35-64),M,France,Val d'Oise,Bikes,Road Bikes,"Road-250 Red, 52",52,1,1519,2443,1519,1930,411
6/25/15,June,2015,16532,36,Adults (35-64),M,France,Val d'Oise,Bikes,Road Bikes,"Road-250 Red, 52",52,1,1519,2443,1519,1930,411
3/24/14,March,2014,16532,36,Adults (35-64),M,France,Val d'Oise,Bikes,Road Bikes,"Road-250 Red, 52",52,1,1519,2443,1519,1930,411
3/24/16,March,2016,16532,36,Adults (35-64),M,France,Val d'Oise,Bikes,Road Bikes,"Road-250 Red, 52",52,1,1519,2443,1519,1930,411
6/15/13,June,2013,16533,36,Adults (35-64),F,France,Seine Saint Denis,Bikes,Road Bikes,"Road-250 Black, 52",52,1,1555,2443,1555,2003,448
6/15/15,June,2015,16533,36,Adults (35-64),F,France,Seine Saint Denis,Bikes,Road Bikes,"Road-250 Black, 52",52,1,1555,2443,1555,2003,448
7/10/13,July,2013,16533,36,Adults (35-64),F,France,Seine Saint Denis,Bikes,Road Bikes,"Road-250 Black, 52",52,1,1555,2443,1555,2003,448
7/10/15,July,2015,16533,36,Adults (35-64),F,France,Seine Saint Denis,Bikes,Road Bikes,"Road-250 Black, 52",52,2,1555,2443,3110,4007,897
3/27/14,March,2014,16533,36,Adults (35-64),F,France,Seine Saint Denis,Bikes,Road Bikes,"Road-250 Black, 52",52,1,1555,2443,1555,2003,448
3/27/16,March,2016,16533,36,Adults (35-64),F,France,Seine Saint Denis,Bikes,Road Bikes,"Road-250 Black, 52",52,1,1555,2443,1555,2003,448
12/27/12,December,2012,16534,36,Adults (35-64),F,Germany,Hessen,Bikes,Road Bikes,"Road-250 Black, 58",58,2,1555,2443,3110,4544,1434
12/27/11,December,2011,16534,36,Adults (35-64),F,Germany,Hessen,Bikes,Road Bikes,"Road-250 Black, 58",58,1,1555,2443,1555,2272,717
4/24/14,April,2014,16534,36,Adults (35-64),F,Germany,Hessen,Bikes,Road Bikes,"Road-250 Black, 58",58,1,1555,2443,1555,2272,717
4/24/16,April,2016,16534,36,Adults (35-64),F,Germany,Hessen,Bikes,Road Bikes,"Road-250 Black, 58",58,1,1555,2443,1555,2272,717
8/25/12,August,2012,16538,37,Adults (35-64),F,Germany,Hamburg,Bikes,Road Bikes,"Road-250 Black, 48",48,2,1555,2443,3110,4544,1434
8/25/11,August,2011,16538,37,Adults (35-64),F,Germany,Hamburg,Bikes,Road Bikes,"Road-250 Black, 48",48,2,1555,2443,3110,4544,1434
1/1/13,January,2013,16538,37,Adults (35-64),F,Germany,Hamburg,Bikes,Road Bikes,"Road-250 Black, 48",48,1,1555,2443,1555,2272,717
1/1/15,January,2015,16538,37,Adults (35-64),F,Germany,Hamburg,Bikes,Road Bikes,"Road-250 Black, 48",48,1,1555,2443,1555,2272,717
11/2/13,November,2013,16538,37,Adults (35-64),F,Germany,Hamburg,Bikes,Road Bikes,"Road-250 Black, 48",48,1,1555,2443,1555,2272,717
11/2/15,November,2015,16538,37,Adults (35-64),F,Germany,Hamburg,Bikes,Road Bikes,"Road-250 Black, 48",48,1,1555,2443,1555,2272,717
4/9/14,April,2014,16538,37,Adults (35-64),F,Germany,Hamburg,Bikes,Road Bikes,"Road-250 Black, 48",48,1,1555,2443,1555,2272,717
4/9/16,April,2016,16538,37,Adults (35-64),F,Germany,Hamburg,Bikes,Road Bikes,"Road-250 Black, 48",48,2,1555,2443,3110,4544,1434
1/13/13,January,2013,16540,37,Adults (35-64),M,Germany,Hessen,Bikes,Road Bikes,"Road-250 Red, 58",58,1,1555,2443,1555,2272,717
1/13/15,January,2015,16540,37,Adults (35-64),M,Germany,Hessen,Bikes,Road Bikes,"Road-250 Red, 58",58,1,1555,2443,1555,2272,717
2/9/13,February,2013,16540,37,Adults (35-64),M,Germany,Hessen,Bikes,Road Bikes,"Road-250 Red, 58",58,1,1555,2443,1555,2272,717
2/9/15,February,2015,16540,37,Adults (35-64),M,Germany,Hessen,Bikes,Road Bikes,"Road-250 Red, 58",58,1,1555,2443,1555,2272,717
3/13/14,March,2014,16540,37,Adults (35-64),M,Germany,Hessen,Bikes,Road Bikes,"Road-250 Black, 52",52,1,1555,2443,1555,2272,717
3/13/16,March,2016,16540,37,Adults (35-64),M,Germany,Hessen,Bikes,Road Bikes,"Road-250 Black, 52",52,1,1555,2443,1555,2272,717
3/14/14,March,2014,16540,37,Adults (35-64),M,Germany,Hessen,Bikes,Road Bikes,"Road-250 Black, 52",52,1,1555,2443,1555,2272,717
3/14/16,March,2016,16540,37,Adults (35-64),M,Germany,Hessen,Bikes,Road Bikes,"Road-250 Black, 52",52,2,1555,2443,3110,4544,1434
5/25/14,May,2014,16540,37,Adults (35-64),M,Germany,Hessen,Bikes,Road Bikes,"Road-250 Black, 52",52,1,1555,2443,1555,2272,717
5/25/16,May,2016,16540,37,Adults (35-64),M,Germany,Hessen,Bikes,Road Bikes,"Road-250 Black, 52",52,1,1555,2443,1555,2272,717
6/26/14,June,2014,16540,37,Adults (35-64),M,Germany,Hessen,Bikes,Road Bikes,"Road-250 Black, 52",52,1,1555,2443,1555,2272,717
6/26/16,June,2016,16540,37,Adults (35-64),M,Germany,Hessen,Bikes,Road Bikes,"Road-250 Black, 52",52,3,1555,2443,4665,6816,2151
2/10/12,February,2012,16546,38,Adults (35-64),M,United Kingdom,England,Bikes,Road Bikes,"Road-250 Black, 52",52,2,1555,2443,3110,4691,1581
2/10/11,February,2011,16546,38,Adults (35-64),M,United Kingdom,England,Bikes,Road Bikes,"Road-250 Black, 52",52,4,1555,2443,6220,9381,3161
6/8/12,June,2012,16546,38,Adults (35-64),M,United Kingdom,England,Bikes,Road Bikes,"Road-250 Black, 52",52,2,1555,2443,3110,4691,1581
6/8/11,June,2011,16546,38,Adults (35-64),M,United Kingdom,England,Bikes,Road Bikes,"Road-250 Black, 52",52,3,1555,2443,4665,7036,2371
9/25/12,September,2012,16546,38,Adults (35-64),M,United Kingdom,England,Bikes,Road Bikes,"Road-250 Black, 52",52,2,1555,2443,3110,4691,1581
9/25/11,September,2011,16546,38,Adults (35-64),M,United Kingdom,England,Bikes,Road Bikes,"Road-250 Black, 52",52,2,1555,2443,3110,4691,1581
10/4/12,October,2012,16546,38,Adults (35-64),M,United Kingdom,England,Bikes,Road Bikes,"Road-250 Black, 52",52,2,1555,2443,3110,4691,1581
10/4/11,October,2011,16546,38,Adults (35-64),M,United Kingdom,England,Bikes,Road Bikes,"Road-250 Black, 52",52,1,1555,2443,1555,2345,790
10/10/12,October,2012,16546,38,Adults (35-64),M,United Kingdom,England,Bikes,Road Bikes,"Road-250 Black, 52",52,2,1555,2443,3110,4691,1581
10/10/11,October,2011,16546,38,Adults (35-64),M,United Kingdom,England,Bikes,Road Bikes,"Road-250 Black, 52",52,3,1555,2443,4665,7036,2371
1/13/13,January,2013,16546,38,Adults (35-64),M,United Kingdom,England,Bikes,Road Bikes,"Road-250 Black, 52",52,1,1555,2443,1555,2345,790
1/13/15,January,2015,16546,38,Adults (35-64),M,United Kingdom,England,Bikes,Road Bikes,"Road-250 Black, 52",52,2,1555,2443,3110,4691,1581
3/8/13,March,2013,16546,38,Adults (35-64),M,United Kingdom,England,Bikes,Road Bikes,"Road-250 Black, 52",52,1,1555,2443,1555,2345,790
3/8/15,March,2015,16546,38,Adults (35-64),M,United Kingdom,England,Bikes,Road Bikes,"Road-250 Black, 52",52,1,1555,2443,1555,2345,790
3/11/13,March,2013,16546,38,Adults (35-64),M,United Kingdom,England,Bikes,Road Bikes,"Road-250 Black, 52",52,1,1555,2443,1555,2345,790
3/11/15,March,2015,16546,38,Adults (35-64),M,United Kingdom,England,Bikes,Road Bikes,"Road-250 Black, 52",52,1,1555,2443,1555,2345,790
7/7/13,July,2013,16546,38,Adults (35-64),M,United Kingdom,England,Bikes,Road Bikes,"Road-250 Black, 52",52,1,1555,2443,1555,2345,790
7/7/15,July,2015,16546,38,Adults (35-64),M,United Kingdom,England,Bikes,Road Bikes,"Road-250 Black, 52",52,1,1555,2443,1555,2345,790
7/30/13,July,2013,16546,38,Adults (35-64),M,United Kingdom,England,Bikes,Road Bikes,"Road-250 Black, 52",52,1,1555,2443,1555,2345,790
7/30/15,July,2015,16546,38,Adults (35-64),M,United Kingdom,England,Bikes,Road Bikes,"Road-250 Black, 52",52,1,1555,2443,1555,2345,790
12/2/13,December,2013,16546,38,Adults (35-64),M,United Kingdom,England,Bikes,Road Bikes,"Road-250 Black, 58",58,1,1555,2443,1555,2345,790
12/2/15,December,2015,16546,38,Adults (35-64),M,United Kingdom,England,Bikes,Road Bikes,"Road-250 Black, 58",58,1,1555,2443,1555,2345,790
12/8/13,December,2013,16546,38,Adults (35-64),M,United Kingdom,England,Bikes,Road Bikes,"Road-250 Black, 58",58,1,1555,2443,1555,2345,790
12/8/15,December,2015,16546,38,Adults (35-64),M,United Kingdom,England,Bikes,Road Bikes,"Road-250 Black, 58",58,1,1555,2443,1555,2345,790
3/1/14,March,2014,16546,38,Adults (35-64),M,United Kingdom,England,Bikes,Road Bikes,"Road-250 Black, 58",58,1,1555,2443,1555,2345,790
3/1/16,March,2016,16546,38,Adults (35-64),M,United Kingdom,England,Bikes,Road Bikes,"Road-250 Black, 58",58,1,1555,2443,1555,2345,790
3/23/14,March,2014,16546,38,Adults (35-64),M,United Kingdom,England,Bikes,Road Bikes,"Road-250 Black, 58",58,1,1555,2443,1555,2345,790
3/23/16,March,2016,16546,38,Adults (35-64),M,United Kingdom,England,Bikes,Road Bikes,"Road-250 Black, 58",58,3,1555,2443,4665,7036,2371
4/20/14,April,2014,16546,38,Adults (35-64),M,United Kingdom,England,Bikes,Road Bikes,"Road-250 Black, 58",58,1,1555,2443,1555,2345,790
4/20/16,April,2016,16546,38,Adults (35-64),M,United Kingdom,England,Bikes,Road Bikes,"Road-250 Black, 58",58,3,1555,2443,4665,7036,2371
5/4/14,May,2014,16546,38,Adults (35-64),M,United Kingdom,England,Bikes,Road Bikes,"Road-250 Black, 58",58,1,1555,2443,1555,2345,790
5/4/16,May,2016,16546,38,Adults (35-64),M,United Kingdom,England,Bikes,Road Bikes,"Road-250 Black, 58",58,3,1555,2443,4665,7036,2371
5/14/14,May,2014,16546,38,Adults (35-64),M,United Kingdom,England,Bikes,Road Bikes,"Road-250 Black, 58",58,1,1555,2443,1555,2345,790
5/14/16,May,2016,16546,38,Adults (35-64),M,United Kingdom,England,Bikes,Road Bikes,"Road-250 Black, 58",58,2,1555,2443,3110,4691,1581
6/13/14,June,2014,16546,38,Adults (35-64),M,United Kingdom,England,Bikes,Road Bikes,"Road-250 Black, 58",58,1,1555,2443,1555,2345,790
6/13/16,June,2016,16546,38,Adults (35-64),M,United Kingdom,England,Bikes,Road Bikes,"Road-250 Black, 58",58,2,1555,2443,3110,4691,1581
6/28/14,June,2014,16546,38,Adults (35-64),M,United Kingdom,England,Bikes,Road Bikes,"Road-250 Black, 58",58,1,1555,2443,1555,2345,790
6/28/16,June,2016,16546,38,Adults (35-64),M,United Kingdom,England,Bikes,Road Bikes,"Road-250 Black, 58",58,1,1555,2443,1555,2345,790
6/15/13,June,2013,16547,39,Adults (35-64),M,France,Hauts de Seine,Bikes,Road Bikes,"Road-250 Black, 58",58,1,1555,2443,1555,2272,717
6/15/15,June,2015,16547,39,Adults (35-64),M,France,Hauts de Seine,Bikes,Road Bikes,"Road-250 Black, 58",58,1,1555,2443,1555,2272,717
4/3/14,April,2014,16547,39,Adults (35-64),M,France,Hauts de Seine,Bikes,Road Bikes,"Road-250 Black, 58",58,1,1555,2443,1555,2272,717
4/3/16,April,2016,16547,39,Adults (35-64),M,France,Hauts de Seine,Bikes,Road Bikes,"Road-250 Black, 58",58,1,1555,2443,1555,2272,717
6/27/13,June,2013,16559,28,Young Adults (25-34),F,France,Val d'Oise,Bikes,Road Bikes,"Road-250 Black, 52",52,1,1555,2443,1555,1930,375
6/27/15,June,2015,16559,28,Young Adults (25-34),F,France,Val d'Oise,Bikes,Road Bikes,"Road-250 Black, 52",52,1,1555,2443,1555,1930,375
6/25/14,June,2014,16559,28,Young Adults (25-34),F,France,Val d'Oise,Bikes,Road Bikes,"Road-250 Black, 52",52,1,1555,2443,1555,1930,375
6/25/16,June,2016,16559,28,Young Adults (25-34),F,France,Val d'Oise,Bikes,Road Bikes,"Road-250 Black, 52",52,2,1555,2443,3110,3860,750
3/2/12,March,2012,16560,27,Young Adults (25-34),M,France,Seine Saint Denis,Bikes,Road Bikes,"Road-250 Red, 58",58,2,1555,2443,3110,4007,897
3/2/11,March,2011,16560,27,Young Adults (25-34),M,France,Seine Saint Denis,Bikes,Road Bikes,"Road-250 Red, 58",58,3,1555,2443,4665,6010,1345
4/25/13,April,2013,16560,27,Young Adults (25-34),M,France,Seine Saint Denis,Bikes,Road Bikes,"Road-250 Red, 58",58,1,1555,2443,1555,2003,448
4/25/15,April,2015,16560,27,Young Adults (25-34),M,France,Seine Saint Denis,Bikes,Road Bikes,"Road-250 Red, 58",58,3,1555,2443,4665,6010,1345
6/19/13,June,2013,16560,27,Young Adults (25-34),M,France,Seine Saint Denis,Bikes,Road Bikes,"Road-250 Red, 58",58,1,1555,2443,1555,2003,448
6/19/15,June,2015,16560,27,Young Adults (25-34),M,France,Seine Saint Denis,Bikes,Road Bikes,"Road-250 Red, 58",58,3,1555,2443,4665,6010,1345
10/12/13,October,2013,16560,27,Young Adults (25-34),M,France,Seine Saint Denis,Bikes,Road Bikes,"Road-250 Red, 58",58,1,1555,2443,1555,2003,448
10/12/15,October,2015,16560,27,Young Adults (25-34),M,France,Seine Saint Denis,Bikes,Road Bikes,"Road-250 Red, 58",58,1,1555,2443,1555,2003,448
6/26/14,June,2014,16560,27,Young Adults (25-34),M,France,Seine Saint Denis,Bikes,Road Bikes,"Road-250 Black, 58",58,1,1555,2443,1555,2003,448
6/26/16,June,2016,16560,27,Young Adults (25-34),M,France,Seine Saint Denis,Bikes,Road Bikes,"Road-250 Black, 58",58,1,1555,2443,1555,2003,448
6/16/13,June,2013,16569,45,Adults (35-64),F,France,Hauts de Seine,Bikes,Road Bikes,"Road-250 Red, 44",44,1,1519,2443,1519,2272,753
6/16/15,June,2015,16569,45,Adults (35-64),F,France,Hauts de Seine,Bikes,Road Bikes,"Road-250 Red, 44",44,1,1519,2443,1519,2272,753
7/9/13,July,2013,16569,45,Adults (35-64),F,France,Hauts de Seine,Bikes,Road Bikes,"Road-250 Red, 44",44,1,1519,2443,1519,2272,753
7/9/15,July,2015,16569,45,Adults (35-64),F,France,Hauts de Seine,Bikes,Road Bikes,"Road-250 Red, 44",44,1,1519,2443,1519,2272,753
7/5/12,July,2012,16570,45,Adults (35-64),F,France,Yveline,Bikes,Road Bikes,"Road-350-W Yellow, 40",40,2,1083,1701,2166,2586,420
7/5/11,July,2011,16570,45,Adults (35-64),F,France,Yveline,Bikes,Road Bikes,"Road-350-W Yellow, 40",40,1,1083,1701,1083,1293,210
6/11/13,June,2013,16570,45,Adults (35-64),F,France,Yveline,Bikes,Road Bikes,"Road-350-W Yellow, 40",40,1,1083,1701,1083,1293,210
6/11/15,June,2015,16570,45,Adults (35-64),F,France,Yveline,Bikes,Road Bikes,"Road-350-W Yellow, 40",40,1,1083,1701,1083,1293,210
7/22/13,July,2013,16570,45,Adults (35-64),F,France,Yveline,Bikes,Road Bikes,"Road-350-W Yellow, 40",40,1,1083,1701,1083,1293,210
9/9/13,September,2013,16744,55,Adults (35-64),F,Australia,New South Wales,Bikes,Road Bikes,"Road-150 Red, 62",62,1,2171,3578,2171,3113,942
9/9/15,September,2015,16744,55,Adults (35-64),F,Australia,New South Wales,Bikes,Road Bikes,"Road-150 Red, 62",62,1,2171,3578,2171,3113,942
9/30/13,September,2013,16744,55,Adults (35-64),F,Australia,New South Wales,Bikes,Road Bikes,"Road-150 Red, 62",62,1,2171,3578,2171,3113,942
9/30/15,September,2015,16744,55,Adults (35-64),F,Australia,New South Wales,Bikes,Road Bikes,"Road-150 Red, 62",62,3,2171,3578,6513,9339,2826
6/21/14,June,2014,16744,55,Adults (35-64),F,Australia,New South Wales,Bikes,Road Bikes,"Road-150 Red, 62",62,1,2171,3578,2171,3113,942
6/21/16,June,2016,16744,55,Adults (35-64),F,Australia,New South Wales,Bikes,Road Bikes,"Road-150 Red, 62",62,1,2171,3578,2171,3113,942
2/14/12,February,2012,16764,24,Youth (<25),M,Canada,British Columbia,Bikes,Road Bikes,"Road-350-W Yellow, 48",48,2,1083,1701,2166,3368,1202
2/14/11,February,2011,16764,24,Youth (<25),M,Canada,British Columbia,Bikes,Road Bikes,"Road-350-W Yellow, 48",48,3,1083,1701,3249,5052,1803
2/19/12,February,2012,16764,24,Youth (<25),M,Canada,British Columbia,Bikes,Road Bikes,"Road-350-W Yellow, 48",48,2,1083,1701,2166,3368,1202
2/19/11,February,2011,16764,24,Youth (<25),M,Canada,British Columbia,Bikes,Road Bikes,"Road-350-W Yellow, 48",48,1,1083,1701,1083,1684,601
7/5/12,July,2012,16764,24,Youth (<25),M,Canada,British Columbia,Bikes,Road Bikes,"Road-350-W Yellow, 48",48,2,1083,1701,2166,3368,1202
7/5/11,July,2011,16764,24,Youth (<25),M,Canada,British Columbia,Bikes,Road Bikes,"Road-350-W Yellow, 48",48,3,1083,1701,3249,5052,1803
9/26/12,September,2012,16764,24,Youth (<25),M,Canada,British Columbia,Bikes,Road Bikes,"Road-350-W Yellow, 48",48,2,1083,1701,2166,3368,1202
9/26/11,September,2011,16764,24,Youth (<25),M,Canada,British Columbia,Bikes,Road Bikes,"Road-350-W Yellow, 48",48,3,1083,1701,3249,5052,1803
9/28/12,September,2012,16764,24,Youth (<25),M,Canada,British Columbia,Bikes,Road Bikes,"Road-350-W Yellow, 48",48,2,1083,1701,2166,3368,1202
9/28/11,September,2011,16764,24,Youth (<25),M,Canada,British Columbia,Bikes,Road Bikes,"Road-350-W Yellow, 48",48,1,1083,1701,1083,1684,601
12/26/12,December,2012,16764,24,Youth (<25),M,Canada,British Columbia,Bikes,Road Bikes,"Road-350-W Yellow, 48",48,2,1083,1701,2166,3368,1202
12/26/11,December,2011,16764,24,Youth (<25),M,Canada,British Columbia,Bikes,Road Bikes,"Road-350-W Yellow, 48",48,1,1083,1701,1083,1684,601
8/30/15,August,2015,17734,19,Youth (<25),F,Australia,Victoria,Bikes,Road Bikes,"Road-150 Red, 56",56,1,2171,3578,2171,2827,656
12/23/13,December,2013,17734,19,Youth (<25),F,Australia,Victoria,Bikes,Road Bikes,"Road-150 Red, 56",56,1,2171,3578,2171,2827,656
12/23/15,December,2015,17734,19,Youth (<25),F,Australia,Victoria,Bikes,Road Bikes,"Road-150 Red, 56",56,1,2171,3578,2171,2827,656
1/23/13,January,2013,17739,36,Adults (35-64),M,France,Seine Saint Denis,Bikes,Road Bikes,"Road-550-W Yellow, 40",40,1,713,1120,713,918,205
1/23/15,January,2015,17739,36,Adults (35-64),M,France,Seine Saint Denis,Bikes,Road Bikes,"Road-550-W Yellow, 40",40,1,713,1120,713,918,205
12/17/13,December,2013,17739,36,Adults (35-64),M,France,Seine Saint Denis,Bikes,Road Bikes,"Road-550-W Yellow, 40",40,1,713,1120,713,918,205
12/17/15,December,2015,17739,36,Adults (35-64),M,France,Seine Saint Denis,Bikes,Road Bikes,"Road-550-W Yellow, 40",40,1,713,1120,713,918,205
12/15/12,December,2012,17742,36,Adults (35-64),M,Germany,Saarland,Bikes,Road Bikes,"Road-350-W Yellow, 48",48,2,1083,1701,2166,2790,624
12/15/11,December,2011,17742,36,Adults (35-64),M,Germany,Saarland,Bikes,Road Bikes,"Road-350-W Yellow, 48",48,3,1083,1701,3249,4184,935
3/12/13,March,2013,17742,36,Adults (35-64),M,Germany,Saarland,Bikes,Road Bikes,"Road-350-W Yellow, 48",48,1,1083,1701,1083,1395,312
3/12/15,March,2015,17742,36,Adults (35-64),M,Germany,Saarland,Bikes,Road Bikes,"Road-350-W Yellow, 48",48,1,1083,1701,1083,1395,312
10/2/13,October,2013,17742,36,Adults (35-64),M,Germany,Saarland,Bikes,Road Bikes,"Road-350-W Yellow, 48",48,1,1083,1701,1083,1395,312
10/2/15,October,2015,17742,36,Adults (35-64),M,Germany,Saarland,Bikes,Road Bikes,"Road-350-W Yellow, 48",48,1,1083,1701,1083,1395,312
12/20/13,December,2013,17742,36,Adults (35-64),M,Germany,Saarland,Bikes,Road Bikes,"Road-350-W Yellow, 48",48,1,1083,1701,1083,1395,312
12/20/15,December,2015,17742,36,Adults (35-64),M,Germany,Saarland,Bikes,Road Bikes,"Road-350-W Yellow, 48",48,1,1083,1701,1083,1395,312
2/21/13,February,2013,17752,39,Adults (35-64),F,France,Seine (Paris),Bikes,Road Bikes,"Road-250 Red, 58",58,1,1555,2443,1555,2003,448
2/21/15,February,2015,17752,39,Adults (35-64),F,France,Seine (Paris),Bikes,Road Bikes,"Road-250 Red, 58",58,1,1555,2443,1555,2003,448
12/30/13,December,2013,17752,39,Adults (35-64),F,France,Seine (Paris),Bikes,Road Bikes,"Road-250 Red, 58",58,1,1555,2443,1555,2003,448
12/30/15,December,2015,17752,39,Adults (35-64),F,France,Seine (Paris),Bikes,Road Bikes,"Road-250 Red, 58",58,1,1555,2443,1555,2003,448
5/1/14,May,2014,17752,39,Adults (35-64),F,France,Seine (Paris),Bikes,Road Bikes,"Road-550-W Yellow, 40",40,1,713,1120,713,918,205
5/1/16,May,2016,17752,39,Adults (35-64),F,France,Seine (Paris),Bikes,Road Bikes,"Road-550-W Yellow, 40",40,1,713,1120,713,918,205
2/17/13,February,2013,17754,37,Adults (35-64),F,France,Moselle,Bikes,Road Bikes,"Road-250 Red, 48",48,1,1519,2443,1519,2150,631
2/17/15,February,2015,17754,37,Adults (35-64),F,France,Moselle,Bikes,Road Bikes,"Road-250 Red, 48",48,1,1519,2443,1519,2150,631
12/17/13,December,2013,17754,37,Adults (35-64),F,France,Moselle,Bikes,Road Bikes,"Road-250 Red, 48",48,1,1519,2443,1519,2150,631
12/17/15,December,2015,17754,37,Adults (35-64),F,France,Moselle,Bikes,Road Bikes,"Road-250 Red, 48",48,3,1519,2443,4557,6450,1893
2/5/12,February,2012,17755,37,Adults (35-64),F,United Kingdom,England,Bikes,Road Bikes,"Road-350-W Yellow, 48",48,2,1083,1701,2166,3266,1100
2/5/11,February,2011,17755,37,Adults (35-64),F,United Kingdom,England,Bikes,Road Bikes,"Road-350-W Yellow, 48",48,1,1083,1701,1083,1633,550
6/8/12,June,2012,17755,37,Adults (35-64),F,United Kingdom,England,Bikes,Road Bikes,"Road-350-W Yellow, 48",48,2,1083,1701,2166,3266,1100
6/8/11,June,2011,17755,37,Adults (35-64),F,United Kingdom,England,Bikes,Road Bikes,"Road-350-W Yellow, 48",48,1,1083,1701,1083,1633,550
9/14/12,September,2012,17755,37,Adults (35-64),F,United Kingdom,England,Bikes,Road Bikes,"Road-350-W Yellow, 48",48,2,1083,1701,2166,3266,1100
9/14/11,September,2011,17755,37,Adults (35-64),F,United Kingdom,England,Bikes,Road Bikes,"Road-350-W Yellow, 48",48,3,1083,1701,3249,4899,1650
1/2/13,January,2013,17755,37,Adults (35-64),F,United Kingdom,England,Bikes,Road Bikes,"Road-350-W Yellow, 48",48,1,1083,1701,1083,1633,550
1/2/15,January,2015,17755,37,Adults (35-64),F,United Kingdom,England,Bikes,Road Bikes,"Road-350-W Yellow, 48",48,2,1083,1701,2166,3266,1100
1/7/13,January,2013,17755,37,Adults (35-64),F,United Kingdom,England,Bikes,Road Bikes,"Road-350-W Yellow, 48",48,1,1083,1701,1083,1633,550
1/7/15,January,2015,17755,37,Adults (35-64),F,United Kingdom,England,Bikes,Road Bikes,"Road-350-W Yellow, 48",48,3,1083,1701,3249,4899,1650
1/12/13,January,2013,17755,37,Adults (35-64),F,United Kingdom,England,Bikes,Road Bikes,"Road-350-W Yellow, 48",48,1,1083,1701,1083,1633,550
1/12/15,January,2015,17755,37,Adults (35-64),F,United Kingdom,England,Bikes,Road Bikes,"Road-350-W Yellow, 48",48,3,1083,1701,3249,4899,1650
3/5/13,March,2013,17755,37,Adults (35-64),F,United Kingdom,England,Bikes,Road Bikes,"Road-350-W Yellow, 48",48,1,1083,1701,1083,1633,550
3/5/15,March,2015,17755,37,Adults (35-64),F,United Kingdom,England,Bikes,Road Bikes,"Road-350-W Yellow, 48",48,1,1083,1701,1083,1633,550
3/14/13,March,2013,17755,37,Adults (35-64),F,United Kingdom,England,Bikes,Road Bikes,"Road-350-W Yellow, 48",48,1,1083,1701,1083,1633,550
3/14/15,March,2015,17755,37,Adults (35-64),F,United Kingdom,England,Bikes,Road Bikes,"Road-350-W Yellow, 48",48,1,1083,1701,1083,1633,550
3/28/13,March,2013,17755,37,Adults (35-64),F,United Kingdom,England,Bikes,Road Bikes,"Road-350-W Yellow, 48",48,1,1083,1701,1083,1633,550
3/28/15,March,2015,17755,37,Adults (35-64),F,United Kingdom,England,Bikes,Road Bikes,"Road-350-W Yellow, 48",48,1,1083,1701,1083,1633,550
7/14/13,July,2013,17755,37,Adults (35-64),F,United Kingdom,England,Bikes,Road Bikes,"Road-350-W Yellow, 48",48,1,1083,1701,1083,1633,550
7/14/15,July,2015,17755,37,Adults (35-64),F,United Kingdom,England,Bikes,Road Bikes,"Road-350-W Yellow, 48",48,1,1083,1701,1083,1633,550
7/17/13,July,2013,17755,37,Adults (35-64),F,United Kingdom,England,Bikes,Road Bikes,"Road-350-W Yellow, 48",48,1,1083,1701,1083,1633,550
7/17/15,July,2015,17755,37,Adults (35-64),F,United Kingdom,England,Bikes,Road Bikes,"Road-350-W Yellow, 48",48,1,1083,1701,1083,1633,550
9/8/13,September,2013,17755,37,Adults (35-64),F,United Kingdom,England,Bikes,Road Bikes,"Road-350-W Yellow, 48",48,1,1083,1701,1083,1633,550
9/8/15,September,2015,17755,37,Adults (35-64),F,United Kingdom,England,Bikes,Road Bikes,"Road-350-W Yellow, 48",48,1,1083,1701,1083,1633,550
9/26/13,September,2013,17755,37,Adults (35-64),F,United Kingdom,England,Bikes,Road Bikes,"Road-350-W Yellow, 48",48,1,1083,1701,1083,1633,550
9/26/15,September,2015,17755,37,Adults (35-64),F,United Kingdom,England,Bikes,Road Bikes,"Road-350-W Yellow, 48",48,2,1083,1701,2166,3266,1100
12/1/13,December,2013,17755,37,Adults (35-64),F,United Kingdom,England,Bikes,Road Bikes,"Road-350-W Yellow, 48",48,1,1083,1701,1083,1633,550
12/1/15,December,2015,17755,37,Adults (35-64),F,United Kingdom,England,Bikes,Road Bikes,"Road-350-W Yellow, 48",48,1,1083,1701,1083,1633,550
12/12/13,December,2013,17755,37,Adults (35-64),F,United Kingdom,England,Bikes,Road Bikes,"Road-350-W Yellow, 48",48,1,1083,1701,1083,1633,550
12/12/15,December,2015,17755,37,Adults (35-64),F,United Kingdom,England,Bikes,Road Bikes,"Road-350-W Yellow, 48",48,1,1083,1701,1083,1633,550
12/13/13,December,2013,17755,37,Adults (35-64),F,United Kingdom,England,Bikes,Road Bikes,"Road-350-W Yellow, 48",48,1,1083,1701,1083,1633,550
12/13/15,December,2015,17755,37,Adults (35-64),F,United Kingdom,England,Bikes,Road Bikes,"Road-350-W Yellow, 48",48,3,1083,1701,3249,4899,1650
12/15/13,December,2013,17755,37,Adults (35-64),F,United Kingdom,England,Bikes,Road Bikes,"Road-350-W Yellow, 48",48,1,1083,1701,1083,1633,550
12/15/15,December,2015,17755,37,Adults (35-64),F,United Kingdom,England,Bikes,Road Bikes,"Road-350-W Yellow, 48",48,3,1083,1701,3249,4899,1650
12/20/13,December,2013,17755,37,Adults (35-64),F,United Kingdom,England,Bikes,Road Bikes,"Road-350-W Yellow, 48",48,1,1083,1701,1083,1633,550
12/20/15,December,2015,17755,37,Adults (35-64),F,United Kingdom,England,Bikes,Road Bikes,"Road-350-W Yellow, 48",48,1,1083,1701,1083,1633,550
2/14/14,February,2014,17755,37,Adults (35-64),F,United Kingdom,England,Bikes,Road Bikes,"Road-250 Red, 58",58,1,1555,2443,1555,2345,790
2/14/16,February,2016,17755,37,Adults (35-64),F,United Kingdom,England,Bikes,Road Bikes,"Road-250 Red, 58",58,2,1555,2443,3110,4691,1581
3/25/14,March,2014,17755,37,Adults (35-64),F,United Kingdom,England,Bikes,Road Bikes,"Road-250 Red, 58",58,1,1555,2443,1555,2345,790
3/25/16,March,2016,17755,37,Adults (35-64),F,United Kingdom,England,Bikes,Road Bikes,"Road-250 Red, 58",58,2,1555,2443,3110,4691,1581
4/4/14,April,2014,17755,37,Adults (35-64),F,United Kingdom,England,Bikes,Road Bikes,"Road-250 Red, 58",58,1,1555,2443,1555,2345,790
4/4/16,April,2016,17755,37,Adults (35-64),F,United Kingdom,England,Bikes,Road Bikes,"Road-250 Red, 58",58,1,1555,2443,1555,2345,790
5/7/14,May,2014,17755,37,Adults (35-64),F,United Kingdom,England,Bikes,Road Bikes,"Road-250 Red, 58",58,1,1555,2443,1555,2345,790
5/7/16,May,2016,17755,37,Adults (35-64),F,United Kingdom,England,Bikes,Road Bikes,"Road-250 Red, 58",58,1,1555,2443,1555,2345,790
5/19/14,May,2014,17755,37,Adults (35-64),F,United Kingdom,England,Bikes,Road Bikes,"Road-250 Red, 58",58,1,1555,2443,1555,2345,790
5/19/16,May,2016,17755,37,Adults (35-64),F,United Kingdom,England,Bikes,Road Bikes,"Road-250 Red, 58",58,1,1555,2443,1555,2345,790
2/18/13,February,2013,17756,39,Adults (35-64),F,France,Hauts de Seine,Bikes,Road Bikes,"Road-250 Red, 58",58,1,1555,2443,1555,2272,717
2/18/15,February,2015,17756,39,Adults (35-64),F,France,Hauts de Seine,Bikes,Road Bikes,"Road-250 Red, 58",58,1,1555,2443,1555,2272,717
8/23/13,August,2013,17756,39,Adults (35-64),F,France,Hauts de Seine,Bikes,Road Bikes,"Road-250 Red, 58",58,1,1555,2443,1555,2272,717
8/23/15,August,2015,17756,39,Adults (35-64),F,France,Hauts de Seine,Bikes,Road Bikes,"Road-250 Red, 58",58,2,1555,2443,3110,4544,1434
12/2/13,December,2013,17756,39,Adults (35-64),F,France,Hauts de Seine,Bikes,Road Bikes,"Road-250 Red, 58",58,1,1555,2443,1555,2272,717
12/2/15,December,2015,17756,39,Adults (35-64),F,France,Hauts de Seine,Bikes,Road Bikes,"Road-250 Red, 58",58,3,1555,2443,4665,6816,2151
1/5/12,January,2012,17761,27,Young Adults (25-34),M,Germany,Hessen,Bikes,Road Bikes,"Road-350-W Yellow, 48",48,2,1083,1701,2166,3164,998
1/5/11,January,2011,17761,27,Young Adults (25-34),M,Germany,Hessen,Bikes,Road Bikes,"Road-350-W Yellow, 48",48,1,1083,1701,1083,1582,499
2/25/12,February,2012,17761,27,Young Adults (25-34),M,Germany,Hessen,Bikes,Road Bikes,"Road-350-W Yellow, 48",48,2,1083,1701,2166,3164,998
2/25/11,February,2011,17761,27,Young Adults (25-34),M,Germany,Hessen,Bikes,Road Bikes,"Road-350-W Yellow, 48",48,1,1083,1701,1083,1582,499
3/4/13,March,2013,17761,27,Young Adults (25-34),M,Germany,Hessen,Bikes,Road Bikes,"Road-350-W Yellow, 48",48,1,1083,1701,1083,1582,499
3/4/15,March,2015,17761,27,Young Adults (25-34),M,Germany,Hessen,Bikes,Road Bikes,"Road-350-W Yellow, 48",48,3,1083,1701,3249,4746,1497
7/13/13,July,2013,17761,27,Young Adults (25-34),M,Germany,Hessen,Bikes,Road Bikes,"Road-350-W Yellow, 48",48,1,1083,1701,1083,1582,499
7/13/15,July,2015,17761,27,Young Adults (25-34),M,Germany,Hessen,Bikes,Road Bikes,"Road-350-W Yellow, 48",48,1,1083,1701,1083,1582,499
8/29/13,August,2013,17761,27,Young Adults (25-34),M,Germany,Hessen,Bikes,Road Bikes,"Road-350-W Yellow, 48",48,1,1083,1701,1083,1582,499
8/29/15,August,2015,17761,27,Young Adults (25-34),M,Germany,Hessen,Bikes,Road Bikes,"Road-350-W Yellow, 48",48,1,1083,1701,1083,1582,499
11/22/13,November,2013,17761,27,Young Adults (25-34),M,Germany,Hessen,Bikes,Road Bikes,"Road-350-W Yellow, 48",48,1,1083,1701,1083,1582,499
11/22/15,November,2015,17761,27,Young Adults (25-34),M,Germany,Hessen,Bikes,Road Bikes,"Road-350-W Yellow, 48",48,2,1083,1701,2166,3164,998
4/24/13,April,2013,17764,28,Young Adults (25-34),M,Germany,Hamburg,Bikes,Road Bikes,"Road-350-W Yellow, 40",40,1,1083,1701,1083,1582,499
4/24/15,April,2015,17764,28,Young Adults (25-34),M,Germany,Hamburg,Bikes,Road Bikes,"Road-350-W Yellow, 40",40,2,1083,1701,2166,3164,998
11/15/13,November,2013,17764,28,Young Adults (25-34),M,Germany,Hamburg,Bikes,Road Bikes,"Road-350-W Yellow, 40",40,1,1083,1701,1083,1582,499
11/15/15,November,2015,17764,28,Young Adults (25-34),M,Germany,Hamburg,Bikes,Road Bikes,"Road-350-W Yellow, 40",40,1,1083,1701,1083,1582,499
2/14/14,February,2014,17764,28,Young Adults (25-34),M,Germany,Hamburg,Bikes,Road Bikes,"Road-350-W Yellow, 40",40,1,1083,1701,1083,1582,499
2/14/16,February,2016,17764,28,Young Adults (25-34),M,Germany,Hamburg,Bikes,Road Bikes,"Road-350-W Yellow, 40",40,3,1083,1701,3249,4746,1497
4/25/14,April,2014,17764,28,Young Adults (25-34),M,Germany,Hamburg,Bikes,Road Bikes,"Road-250 Black, 44",44,1,1555,2443,1555,2272,717
4/25/16,April,2016,17764,28,Young Adults (25-34),M,Germany,Hamburg,Bikes,Road Bikes,"Road-250 Black, 44",44,1,1555,2443,1555,2272,717
3/4/13,March,2013,17765,28,Young Adults (25-34),F,Germany,Hamburg,Bikes,Road Bikes,"Road-350-W Yellow, 42",42,1,1083,1701,1083,1582,499
3/4/15,March,2015,17765,28,Young Adults (25-34),F,Germany,Hamburg,Bikes,Road Bikes,"Road-350-W Yellow, 42",42,1,1083,1701,1083,1582,499
11/10/15,November,2015,17765,28,Young Adults (25-34),F,Germany,Hamburg,Bikes,Road Bikes,"Road-350-W Yellow, 42",42,1,1083,1701,1083,1582,499
11/30/13,November,2013,17765,28,Young Adults (25-34),F,Germany,Hamburg,Bikes,Road Bikes,"Road-350-W Yellow, 42",42,1,1083,1701,1083,1582,499
11/30/15,November,2015,17765,28,Young Adults (25-34),F,Germany,Hamburg,Bikes,Road Bikes,"Road-350-W Yellow, 42",42,1,1083,1701,1083,1582,499
1/8/14,January,2014,17765,28,Young Adults (25-34),F,Germany,Hamburg,Bikes,Road Bikes,"Road-350-W Yellow, 42",42,1,1083,1701,1083,1582,499
1/8/16,January,2016,17765,28,Young Adults (25-34),F,Germany,Hamburg,Bikes,Road Bikes,"Road-350-W Yellow, 42",42,3,1083,1701,3249,4746,1497
4/12/14,April,2014,17765,28,Young Adults (25-34),F,Germany,Hamburg,Bikes,Road Bikes,"Road-350-W Yellow, 42",42,1,1083,1701,1083,1582,499
4/12/16,April,2016,17765,28,Young Adults (25-34),F,Germany,Hamburg,Bikes,Road Bikes,"Road-350-W Yellow, 42",42,1,1083,1701,1083,1582,499
5/2/14,May,2014,17765,28,Young Adults (25-34),F,Germany,Hamburg,Bikes,Road Bikes,"Road-250 Black, 52",52,1,1555,2443,1555,2272,717
5/2/16,May,2016,17765,28,Young Adults (25-34),F,Germany,Hamburg,Bikes,Road Bikes,"Road-250 Black, 52",52,2,1555,2443,3110,4544,1434
2/8/13,February,2013,17767,28,Young Adults (25-34),M,France,Loiret,Bikes,Road Bikes,"Road-550-W Yellow, 44",44,1,713,1120,713,997,284
2/8/15,February,2015,17767,28,Young Adults (25-34),M,France,Loiret,Bikes,Road Bikes,"Road-550-W Yellow, 44",44,1,713,1120,713,997,284
4/19/13,April,2013,17767,28,Young Adults (25-34),M,France,Loiret,Bikes,Road Bikes,"Road-550-W Yellow, 44",44,1,713,1120,713,997,284
4/19/15,April,2015,17767,28,Young Adults (25-34),M,France,Loiret,Bikes,Road Bikes,"Road-550-W Yellow, 44",44,3,713,1120,2139,2990,851
12/27/13,December,2013,17767,28,Young Adults (25-34),M,France,Loiret,Bikes,Road Bikes,"Road-550-W Yellow, 44",44,1,713,1120,713,997,284
12/27/15,December,2015,17767,28,Young Adults (25-34),M,France,Loiret,Bikes,Road Bikes,"Road-550-W Yellow, 44",44,1,713,1120,713,997,284
6/25/14,June,2014,17767,28,Young Adults (25-34),M,France,Loiret,Bikes,Road Bikes,"Road-550-W Yellow, 42",42,1,713,1120,713,997,284
6/25/16,June,2016,17767,28,Young Adults (25-34),M,France,Loiret,Bikes,Road Bikes,"Road-550-W Yellow, 42",42,1,713,1120,713,997,284
4/27/13,April,2013,17768,45,Adults (35-64),M,Germany,Saarland,Bikes,Road Bikes,"Road-550-W Yellow, 42",42,1,713,1120,713,918,205
4/27/15,April,2015,17768,45,Adults (35-64),M,Germany,Saarland,Bikes,Road Bikes,"Road-550-W Yellow, 42",42,1,713,1120,713,918,205
11/14/13,November,2013,17768,45,Adults (35-64),M,Germany,Saarland,Bikes,Road Bikes,"Road-550-W Yellow, 42",42,1,713,1120,713,918,205
11/14/15,November,2015,17768,45,Adults (35-64),M,Germany,Saarland,Bikes,Road Bikes,"Road-550-W Yellow, 42",42,3,713,1120,2139,2755,616
12/30/13,December,2013,17768,45,Adults (35-64),M,Germany,Saarland,Bikes,Road Bikes,"Road-550-W Yellow, 42",42,1,713,1120,713,918,205
12/30/15,December,2015,17768,45,Adults (35-64),M,Germany,Saarland,Bikes,Road Bikes,"Road-550-W Yellow, 42",42,2,713,1120,1426,1837,411
4/30/13,April,2013,17769,45,Adults (35-64),M,Germany,Nordrhein-Westfalen,Bikes,Road Bikes,"Road-350-W Yellow, 40",40,1,1083,1701,1083,1480,397
4/30/15,April,2015,17769,45,Adults (35-64),M,Germany,Nordrhein-Westfalen,Bikes,Road Bikes,"Road-350-W Yellow, 40",40,1,1083,1701,1083,1480,397
12/5/13,December,2013,17769,45,Adults (35-64),M,Germany,Nordrhein-Westfalen,Bikes,Road Bikes,"Road-350-W Yellow, 40",40,1,1083,1701,1083,1480,397
12/5/15,December,2015,17769,45,Adults (35-64),M,Germany,Nordrhein-Westfalen,Bikes,Road Bikes,"Road-350-W Yellow, 40",40,1,1083,1701,1083,1480,397
3/18/13,March,2013,17770,45,Adults (35-64),M,France,Nord,Bikes,Road Bikes,"Road-350-W Yellow, 42",42,1,1083,1701,1083,1480,397
3/18/15,March,2015,17770,45,Adults (35-64),M,France,Nord,Bikes,Road Bikes,"Road-350-W Yellow, 42",42,3,1083,1701,3249,4440,1191
12/4/13,December,2013,17770,45,Adults (35-64),M,France,Nord,Bikes,Road Bikes,"Road-350-W Yellow, 42",42,1,1083,1701,1083,1480,397
12/4/15,December,2015,17770,45,Adults (35-64),M,France,Nord,Bikes,Road Bikes,"Road-350-W Yellow, 42",42,1,1083,1701,1083,1480,397
11/6/12,November,2012,17779,29,Young Adults (25-34),F,France,Seine Saint Denis,Bikes,Road Bikes,"Road-550-W Yellow, 48",48,2,713,1120,1426,1837,411
11/6/11,November,2011,17779,29,Young Adults (25-34),F,France,Seine Saint Denis,Bikes,Road Bikes,"Road-550-W Yellow, 48",48,1,713,1120,713,918,205
4/29/13,April,2013,17779,29,Young Adults (25-34),F,France,Seine Saint Denis,Bikes,Road Bikes,"Road-550-W Yellow, 48",48,1,713,1120,713,918,205
4/29/15,April,2015,17779,29,Young Adults (25-34),F,France,Seine Saint Denis,Bikes,Road Bikes,"Road-550-W Yellow, 48",48,1,713,1120,713,918,205
5/12/13,May,2013,17779,29,Young Adults (25-34),F,France,Seine Saint Denis,Bikes,Road Bikes,"Road-550-W Yellow, 48",48,1,713,1120,713,918,205
5/12/15,May,2015,17779,29,Young Adults (25-34),F,France,Seine Saint Denis,Bikes,Road Bikes,"Road-550-W Yellow, 48",48,1,713,1120,713,918,205
5/20/13,May,2013,17779,29,Young Adults (25-34),F,France,Seine Saint Denis,Bikes,Road Bikes,"Road-550-W Yellow, 48",48,1,713,1120,713,918,205
5/20/15,May,2015,17779,29,Young Adults (25-34),F,France,Seine Saint Denis,Bikes,Road Bikes,"Road-550-W Yellow, 48",48,1,713,1120,713,918,205
12/1/13,December,2013,17779,29,Young Adults (25-34),F,France,Seine Saint Denis,Bikes,Road Bikes,"Road-550-W Yellow, 48",48,1,713,1120,713,918,205
12/1/15,December,2015,17779,29,Young Adults (25-34),F,France,Seine Saint Denis,Bikes,Road Bikes,"Road-550-W Yellow, 48",48,3,713,1120,2139,2755,616
12/30/13,December,2013,17779,29,Young Adults (25-34),F,France,Seine Saint Denis,Bikes,Road Bikes,"Road-550-W Yellow, 48",48,1,713,1120,713,918,205
12/30/15,December,2015,17779,29,Young Adults (25-34),F,France,Seine Saint Denis,Bikes,Road Bikes,"Road-550-W Yellow, 48",48,1,713,1120,713,918,205
8/3/12,August,2012,17815,35,Adults (35-64),M,United Kingdom,England,Bikes,Road Bikes,"Road-250 Red, 48",48,2,1519,2443,3038,4691,1653
8/3/11,August,2011,17815,35,Adults (35-64),M,United Kingdom,England,Bikes,Road Bikes,"Road-250 Red, 48",48,1,1519,2443,1519,2345,826
2/12/13,February,2013,17815,35,Adults (35-64),M,United Kingdom,England,Bikes,Road Bikes,"Road-250 Red, 48",48,1,1519,2443,1519,2345,826
2/12/15,February,2015,17815,35,Adults (35-64),M,United Kingdom,England,Bikes,Road Bikes,"Road-250 Red, 48",48,3,1519,2443,4557,7036,2479
5/15/13,May,2013,17815,35,Adults (35-64),M,United Kingdom,England,Bikes,Road Bikes,"Road-250 Red, 48",48,1,1519,2443,1519,2345,826
5/15/15,May,2015,17815,35,Adults (35-64),M,United Kingdom,England,Bikes,Road Bikes,"Road-250 Red, 48",48,3,1519,2443,4557,7036,2479
10/19/13,October,2013,17815,35,Adults (35-64),M,United Kingdom,England,Bikes,Road Bikes,"Road-250 Red, 48",48,1,1519,2443,1519,2345,826
10/19/15,October,2015,17815,35,Adults (35-64),M,United Kingdom,England,Bikes,Road Bikes,"Road-250 Red, 48",48,1,1519,2443,1519,2345,826
12/23/13,December,2013,17815,35,Adults (35-64),M,United Kingdom,England,Bikes,Road Bikes,"Road-250 Red, 48",48,1,1519,2443,1519,2345,826
12/23/15,December,2015,17815,35,Adults (35-64),M,United Kingdom,England,Bikes,Road Bikes,"Road-250 Red, 48",48,3,1519,2443,4557,7036,2479
4/10/14,April,2014,17815,35,Adults (35-64),M,United Kingdom,England,Bikes,Road Bikes,"Road-250 Red, 44",44,1,1519,2443,1519,2345,826
4/10/16,April,2016,17815,35,Adults (35-64),M,United Kingdom,England,Bikes,Road Bikes,"Road-250 Red, 44",44,3,1519,2443,4557,7036,2479
5/14/13,May,2013,17827,18,Youth (<25),F,France,Yveline,Bikes,Road Bikes,"Road-250 Black, 52",52,1,1555,2443,1555,1857,302
5/14/15,May,2015,17827,18,Youth (<25),F,France,Yveline,Bikes,Road Bikes,"Road-250 Black, 52",52,2,1555,2443,3110,3713,603
1/26/14,January,2014,17827,18,Youth (<25),F,France,Yveline,Bikes,Road Bikes,"Road-250 Black, 52",52,1,1555,2443,1555,1857,302
